%% nothing here yet

% UTS: original paper
@inproceedings{UTS,
    author = {Olivier, Stephen and Huan, Jun and Liu, Jinze and Prins, Jan and Dinan, James and Sadayappan, P. and Tseng, Chau-Wen},
    title = {{UTS}: An Unbalanced Tree Search Benchmark},
    booktitle = {Proceedings of the 19th International Conference on Languages and Compilers for Parallel Computing},
    series = {LCPC'06},
    year = {2007},
    isbn = {978-3-540-72520-6},
    location = {New Orleans, LA, USA},
    pages = {235--250},
    numpages = {16},
    url = {http://dl.acm.org/citation.cfm?id=1757112.1757137},
    acmid = {1757137},
    publisher = {Springer-Verlag},
    address = {Berlin, Heidelberg},
}

% TODO: make sure this is the a valid thing to cite for algorithmic BFS improvements
@inproceedings{Yoo:FixedPointGraph500,
  title={A Scalable Distributed Parallel Breadth-First Search Algorithm on {BlueGene/L}},
  author={Yoo, A. and Chow, E. and Henderson, K. and McLendon, W. and Hendrickson, B. and Catalyurek, U.},
  booktitle={Supercomputing, 2005. Proceedings of the ACM/IEEE SC 2005 Conference},
  pages={25--25},
  year={2005},
  organization={IEEE}
}

@inproceedings{Nelson:hotpar2011,
    author = {Nelson, Jacob and Myers, Brandon and Hunter, A. H. and Briggs, Preston and Ceze, Luis and Ebeling, Carl and Grossman, Dan and Kahan, Simon and Oskin, Mark},
    title = {Crunching Large Graphs with Commodity Processors},
    booktitle = {Proceedings of the 3rd USENIX Conference on Hot Topics in Parallelism},
    series = {HotPar'11},
    year = {2011},
    location = {Berkeley, CA},
    pages = {10--10},
    numpages = {1},
    url = {http://dl.acm.org/citation.cfm?id=2001252.2001262},
    acmid = {2001262},
    publisher = {USENIX Association},
    address = {Berkeley, CA, USA},
} 

%%% Other programming models
% pregel
@inproceedings{pregel:2010,
    author = {Malewicz, Grzegorz and Austern, Matthew H. and Bik, Aart J.C and Dehnert, James C. and Horn, Ilan and Leiser, Naty and Czajkowski, Grzegorz},
    title = {Pregel: A System for Large-Scale Graph Processing},
    booktitle = {Proceedings of the 2010 ACM SIGMOD International Conference on Management of Data},
    series = {SIGMOD '10},
    year = {2010},
    isbn = {978-1-4503-0032-2},
    location = {Indianapolis, Indiana, USA},
    pages = {135--146},
    numpages = {12},
    url = {http://doi.acm.org/10.1145/1807167.1807184},
    doi = {10.1145/1807167.1807184},
    acmid = {1807184},
    publisher = {ACM},
    address = {New York, NY, USA},
    keywords = {distributed computing, graph algorigthms},
} 

% Graphlab2, distributed graphlab
@article{distgraphlab:vldb12,
    author = {Yucheng Low and Joseph Gonzalez and Aapo Kyrola and Danny Bickson and Carlos Guestrin and Joseph M. Hellerstein},
    title = {Distributed {GraphLab}: A Framework for Machine Learning and Data Mining in the Cloud},
    journal = {PVLDB},
    year = {2012},
    wwwfilebase = {vldb2012-low-gonzalez-kyrola-bickson-guestrin-hellerstein},
    wwwtopic = {Parallel Learning} 
}

%%% Communication
%communication opts for UPC
@inproceedings{Chen:2005,
    author = {Chen, Wei-Yu and Iancu, Costin and Yelick, Katherine},
    title = {Communication Optimizations for Fine-Grained {UPC} Applications},
    booktitle = {Proceedings of the 14th International Conference on Parallel Architectures and Compilation Techniques},
    series = {PACT '05},
    year = {2005},
    isbn = {0-7695-2429-X},
    pages = {267--278},
    numpages = {12},
    url = {http://dx.doi.org/10.1109/PACT.2005.13},
    doi = {10.1109/PACT.2005.13},
    acmid = {1092221},
    publisher = {IEEE Computer Society},
    address = {Washington, DC, USA},
} 

% Fortran D compiler opts for communication
@article{FortranD:1992,
    author = {Hiranandani, Seema and Kennedy, Ken and Tseng, Chau-Wen},
    title = {Compiling {Fortran D} for {MIMD} Distributed-Memory Machines},
    journal = {Communications of the ACM},
    volume = {35},
    number = {8},
    month = aug,
    year = {1992},
    issn = {0001-0782},
    pages = {66--80},
    numpages = {15},
    url = {http://doi.acm.org/10.1145/135226.135230},
    doi = {10.1145/135226.135230},
    acmid = {135230},
    publisher = {ACM},
    address = {New York, NY, USA},
    keywords = {Fortran D, concurrent languages, distributed languages, distributed programming, parallel languages, parallel programming},
} 


%%% Synchronization

% isolation through delegation
@INPROCEEDINGS{delegated:oopsla11,
    AUTHOR = "Roberto Lublinerman and Jisheng Zhao and Zoran Budimlic and Swarat Chaudhuri and Vivek Sarkar",
    TITLE = "Delegated Isolation",
    BOOKTITLE = "OOPSLA'11",
    PAGES = {885-902},
    YEAR = {2011}, 
}

% Betweenness centrality
@misc{ssca2,
  title={{HPCS} Scalable Synthetic Compact Applications $\#$2: Graph Analysis},
  author={Bader, D.A. and Feo, J. and Gilbert, J. and Kepner, J. and Koester, D. and Loh, E.},
  group={DARPA High Productivity Computing Systems},
  year={2006}
}

@inproceedings{GraphCT,
  title={Massive Social Network Analysis: Mining {Twitter} for Social Good},
  author={Ediger, D. and Jiang, K. and Riedy, J. and Bader, D.A. and Corley, C. and Farber, R. and Reynolds, W.N.},
  booktitle={39th International Conference on Parallel Processing (ICPP)},
  pages={583--593},
  year={2010},
  organization={IEEE}
}

@article{bader:bc,
  title={Parallel Algorithms for Evaluating Centrality Indices in Real-World Networks},
  author={Bader, D.A. and Madduri, K.},
  journal={The 35th International Conference on Parallel Processing (ICPP)},
  pages={539--550},
  year={2006},
  organization={IEEE}
}

@inproceedings{munin,
  title={Munin: Distributed Shared Memory Based on Type-Specific Memory Coherence},
  author={John K. Bennett and John B. Carter and Willy Zwaenepoel},
   booktitle = {Proceedings of the Second ACM SIGPLAN symposium on Principles and Practice of Parallel Programming},
    series = {PPOPP '90},
  pages={168--176},
  year={1990}
}


% mta-1
@inproceedings{tera:mta1,
 author = {Alverson, Robert and Callahan, David and Cummings, Daniel and Koblenz, Brian and Porterfield, Allan and Smith, Burton},
 title = {The {Tera} Computer System},
 booktitle = {Proceedings of the 4th International Conference on Supercomputing},
 series = {ICS '90},
 year = {1990},
 isbn = {0-89791-369-8},
 location = {Amsterdam, The Netherlands},
 pages = {1--6},
 numpages = {6},
 url = {http://doi.acm.org/10.1145/77726.255132},
 doi = {http://doi.acm.org/10.1145/77726.255132},
 acmid = {255132},
 publisher = {ACM},
 address = {New York, NY, USA},
} 

% gasnet spec
@misc{gasnet:spec,
    author = {Bonachea, Dan},
    title = {{GASNet Specification v1.8}},
    year = {2006},
}

% netfpga

@misc{netfpga,
    key = "netfpga",
    title = {{The NetFPGA project.}},
    url = {http://netfpga.org},
}

@misc{llvm,
     key = "llvm",
     title = {{The LLVM Compiler Infrastructure Project.}},
     url = {http://llvm.org},
}

% Chapel
@article{Chamberlain:2007,
    author = {Chamberlain, B.L. and Callahan, D. and Zima, H.P.},
    title = {Parallel Programmability and the {Chapel Language}},
    journal = {International Journal of High Performance Computing Application},
    issue_date = {August 2007},
    volume = {21},
    number = {3},
    month = aug,
    year = {2007},
    issn = {1094-3420},
    pages = {291--312},
    numpages = {22},
    url = {http://dx.doi.org/10.1177/1094342007078442},
    doi = {10.1177/1094342007078442},
    acmid = {1286123},
    publisher = {Sage Publications, Inc.},
    address = {Thousand Oaks, CA, USA},
    keywords = {Chapel, parallel languages, parallel programming, productivity, programming models},
} 

% X10
@inproceedings{X10:2005,
 author = {Charles, Philippe and Grothoff, Christian and Saraswat, Vijay and Donawa, Christopher and Kielstra, Allan and Ebcioglu, Kemal and von Praun, Christoph and Sarkar, Vivek},
 title = {X10: An Object-Oriented Approach to Non-Uniform Cluster Computing},
 booktitle = {Proceedings of the 20th Annual ACM SIGPLAN Conference on Object-Oriented Programming, Systems, Languages, and Applications},
 series = {OOPSLA '05},
 year = {2005},
 isbn = {1-59593-031-0},
 location = {San Diego, CA, USA},
 pages = {519--538},
 numpages = {20},
 url = {http://doi.acm.org/10.1145/1094811.1094852},
 doi = {http://doi.acm.org/10.1145/1094811.1094852},
 acmid = {1094852},
 publisher = {ACM},
 address = {New York, NY, USA},
 keywords = {Java, X10, atomic blocks, clocks, data distribution, multithreading, non-uniform cluster computing (NUCC), partitioned global address space (PGAS), places, productivity, scalability},
} 

% UPC language
@book{upc:2005,
   Address = {Hoboken, NJ, USA},
   Author = {Tarek El-Ghazawi and William Carlson and Thomas Sterling and Katherine Yelick},
   Publisher = {John Wiley and Sons, Inc.},
   Title = {{UPC}: Distributed Shared Memory Programming},
   Year = {2005}}

@book{intel_tbb,
  title={Intel Threading Building Blocks: Outfitting {C++} for Multi-Core Processor Parallelism},
  author={James Reinders},
  publisher={O'Reilly Media},
  year=2007
}

@article{cgmlib,
   author = {Dehne, Frank and Ferreira, Alfonso and C\'{a}ceres, Edson and Song, Siang W. and Roncato, Alessandro},
   affiliation = {School of Computer Science, Carleton University, Ottawa, Ontario, Canada K1S 5B6. frank@dehne.net, www.dehne.net. CA},
   title = {Efficient Parallel Graph Algorithms for Coarse-Grained Multicomputers and {BSP}},
   journal = {Algorithmica},
   publisher = {Springer New York},
   issn = {0178-4617},
   keyword = {Computer Science},
   pages = {183-200},
   volume = {33},
   issue = {2},
   url = {http://dx.doi.org/10.1007/s00453-001-0109-4},
   note = {10.1007/s00453-001-0109-4},
   year = {2002}
}

@INPROCEEDINGS{qthreads,
    author={Wheeler, Kyle B. and Murphy, Richard C. and Thain, Douglas}, 
    booktitle={IEEE International Symposium on Parallel and Distributed Processing},
    title={Qthreads: An {API} for Programming with Millions of Lightweight Threads}, 
    year={2008}, 
    month=April, 
    volume={}, 
    number={}, 
    keywords={API;HPCCG benchmark;Qthreads;Unix implementation;application program interfaces;large scale hardware supported multithreading;lightweight threads;qthread API;qthread abstraction;resource management;Unix;application program interfaces;multi-threading;resource allocation;}, 
    doi={10.1109/IPDPS.2008.4536359}, 
    ISSN={1530-2075},
}

@INPROCEEDINGS{parallelbgl,
    author = {Douglas Gregor and Andrew Lumsdaine},
    title = {The Parallel {BGL}: A Generic Library for Distributed Graph Computations},
    booktitle = {In Parallel Object-Oriented Scientific Computing (POOSC)},
    year = {2005}
}

@inproceedings{feo:xmt,
 author = {Feo, John and Harper, David and Kahan, Simon and Konecny, Petr},
 title = {Eldorado},
 booktitle = {Proceedings of the 2nd Conference on Computing Frontiers},
 series = {CF '05},
 year = {2005},
 isbn = {1-59593-019-1},
 location = {Ischia, Italy},
 pages = {28--34},
 numpages = {7},
 url = {http://doi.acm.org/10.1145/1062261.1062268},
 doi = {http://doi.acm.org/10.1145/1062261.1062268},
 acmid = {1062268},
 publisher = {ACM},
 address = {New York, NY, USA},
 keywords = {heterogeneous architectures, multithreaded architectures, multithreaded processing, performance studies},
} 

%SMT
@inproceedings{tullsen:smt,
 author = {Tullsen, Dean M. and Eggers, Susan J. and Levy, Henry M.},
 title = {Simultaneous Multithreading: Maximizing On-Chip Parallelism},
 booktitle = {Proceedings of the 22nd Annual International Symposium on Computer Architecture},
 series = {ISCA '95},
 year = {1995},
 isbn = {0-89791-698-0},
 location = {S. Margherita Ligure, Italy},
 pages = {392--403},
 numpages = {12},
 url = {http://doi.acm.org/10.1145/223982.224449},
 doi = {http://doi.acm.org/10.1145/223982.224449},
 acmid = {224449},
 publisher = {ACM},
 address = {New York, NY, USA},
} 

@INPROCEEDINGS{agarwal:alewife,
author={Agarwal, Anant and Bianchini, Ricardo and Chaiken, David and Johnson, Kirk L. and Kranz, David and Kubiatowicz, John and Beng-Hong Lim and Mackenzie, Ken and Yeung, Donald}, 
booktitle={22nd Annual International Symposium on Computer Architecture},
title={The {MIT} {Alewife} machine: Architecture and Performance}, 
year={1995}, 
month={June},
volume={}, 
number={}, 
keywords={ MIT Alewife machine; block multithreading; communication; compiler designers; constant cost; cost-effective mesh network; fine-grain computation; global linear address space; integrated message passing; latency tolerance mechanisms; microbenchmarks; multiprocessor architecture; operating system designers; parallel system; performance; prefetching; processing nodes; programmable system; prototype implementation; scalable mesh network; software-extended coherent shared memory; synchronization; cache storage; message passing; operating systems (computers); parallel architectures; parallel machines; parallel programming; performance evaluation; program compilers; reconfigurable architectures; shared memory systems; synchronisation;}, 
doi={10.1109/ISCA.1995.127212}, 
ISSN={1063-6897 },
}

@article{almasi:cyclops,
 author = {Alm\'{a}si, George and Ca\c{s}caval, C\v{a}lin and Casta\~{n}os, Jos\'{e} G. and Denneau, Monty and Lieber, Derek and Moreira, Jos\'{e} E. and Warren, Jr., Henry S.},
 title = {Dissecting {Cyclops}: A Detailed Analysis of a Multithreaded Architecture},
 journal = {SIGARCH Computer Architecture News},
 volume = {31},
 issue = {1},
 month = {March},
 year = {2003},
 issn = {0163-5964},
 pages = {26--38},
 numpages = {13},
 url = {http://doi.acm.org/10.1145/773365.773369},
 doi = {http://doi.acm.org/10.1145/773365.773369},
 acmid = {773369},
 publisher = {ACM},
 address = {New York, NY, USA},
} 

@article{gpus,
 author = {Fatahalian, Kayvon and Houston, Mike},
 title = {A Closer Look at {GPUs}},
 journal = {Communications of the ACM},
 issue_date = {October 2008},
 volume = {51},
 issue = {10},
 month = {October},
 year = {2008},
 issn = {0001-0782},
 pages = {50--57},
 numpages = {8},
 url = {http://doi.acm.org/10.1145/1400181.1400197},
 doi = {http://doi.acm.org/10.1145/1400181.1400197},
 acmid = {1400197},
 publisher = {ACM},
 address = {New York, NY, USA},
} 

% website: amd64 ABI
@MISC{amd64:abi:2012,
    key = {AMD64},
    title = {{AMD64 ABI}},
    year = {2012},
    month = {July},
    howpublished={\url{http://www.x86-64.org/documentation/abi-0.99.pdf}}
}

@article{qthreads:mtgl,
    author = {Brian W. Barrett and Jonathan W. Berry and Richard C. Murphy and Kyle B. Wheeler},
    title = {Implementing a Portable Multi-Threaded Graph Library: The {MTGL} on {Qthreads}},
    journal ={Parallel and Distributed Processing Symposium},
    volume = {0},
    isbn = {978-1-4244-3751-1},
    year = {2009},
    pages = {1-8},
    doi = {http://doi.ieeecomputersociety.org/10.1109/IPDPS.2009.5161102},
    publisher = {IEEE Computer Society},
    address = {Los Alamitos, CA, USA},
}

@MISC{OFED,
    key = {OFED},
    title = {{OpenFabrics Alliance}},
    year = {2012},
    month = {July},
    howpublished={\url{https://www.openfabrics.org/index.php}}
    }

@ARTICLE{fetchandadd,
author={Gottlieb, A. and Grishman, R. and Kruskal, C.P. and McAuliffe, K.P. and Rudolph, L. and Snir, M.}, 
journal={IEEE Transactions on Computers},
title={The {NYU Ultracomputer}: Designing an {MIMD} Shared Memory Parallel Computer}, 
year={1983}, 
month={feb. }, 
volume={C-32}, 
number={2}, 
pages={175 -189}, 
keywords={Computer architecture;MIMD;Omega-network;VLSI;fetch-and-add;multiprocessor;parallel computer;parallel processing;shared memory;systolic queues;}, 
doi={10.1109/TC.1983.1676201}, 
ISSN={0018-9340},}

@ARTICLE{Treadmarks,
author={Amza, C. and Cox, A.L. and Dwarkadas, S. and Keleher, P. and Honghui Lu and Rajamony, R. and Weimin Yu and Zwaenepoel, W.}, 
journal={Computer},
title={{TreadMarks}: Shared Memory Computing on Networks of Workstations}, 
year={1996}, 
month={feb}, 
volume={29}, 
number={2}, 
pages={18 -28}, 
keywords={TreadMarks;data structures;distributed shared memory system;globally shared virtual memory;parallel processing;programming;sequential processing;shared memory computing;synchronization;workstation networks;data structures;distributed memory systems;local area networks;shared memory systems;virtual storage;}, 
doi={10.1109/2.485843}, 
ISSN={0018-9162},}

@inproceedings{cilkforimplementation,
 author = {Blumofe, Robert D. and Joerg, Christopher F. and Kuszmaul, Bradley C. and Leiserson, Charles E. and Randall, Keith H. and Zhou, Yuli},
  title = {Cilk: An Efficient Multithreaded Runtime System},
   booktitle = {Proceedings of the Fifth ACM SIGPLAN Symposium on Principles and Practice of Parallel Programming},
    series = {PPOPP '95},
     year = {1995},
      isbn = {0-89791-700-6},
       location = {Santa Barbara, California, United States},
        pages = {207--216},
         numpages = {10},
          url = {http://doi.acm.org/10.1145/209936.209958},
           doi = {10.1145/209936.209958},
            acmid = {209958},
             publisher = {ACM},
              address = {New York, NY, USA},
              } 


@inproceedings{scalableWorkStealingOrCilk98,
 author = {Agrawal, Kunal and He, Yuxiong and Leiserson, Charles E.},
  title = {Adaptive Work Stealing with Parallelism Feedback},
   booktitle = {Proceedings of the 12th ACM SIGPLAN Symposium on Principles and Practice of Parallel Programming},
    series = {PPoPP '07},
     year = {2007},
      isbn = {978-1-59593-602-8},
       location = {San Jose, California, USA},
        pages = {112--120},
         numpages = {9},
          url = {http://doi.acm.org/10.1145/1229428.1229448},
           doi = {10.1145/1229428.1229448},
            acmid = {1229448},
             publisher = {ACM},
              address = {New York, NY, USA},
               keywords = {adaptive scheduling, adversary, distributed scheduling, job scheduling, multiprogramming, multithreaded languages, parallel computation, parallelism feedback, processor allocation, space sharing, thread scheduling, trim analysis, two-level scheduling, work stealing},
               } 
               [download]

@inproceedings{lifelines,
 author = {Saraswat, Vijay A. and Kambadur, Prabhanjan and Kodali, Sreedhar and Grove, David and Krishnamoorthy, Sriram},
  title = {Lifeline-Based Global Load Balancing},
   booktitle = {Proceedings of the 16th ACM symposium on Principles and Practice of Parallel Programming},
    series = {PPoPP '11},
     year = {2011},
      isbn = {978-1-4503-0119-0},
       location = {San Antonio, TX, USA},
        pages = {201--212},
         numpages = {12},
          url = {http://doi.acm.org/10.1145/1941553.1941582},
           doi = {10.1145/1941553.1941582},
            acmid = {1941582},
             publisher = {ACM},
              address = {New York, NY, USA},
               keywords = {distributed work-stealing, global load balancing, uts, x10},
               } 

@inproceedings{MAMA,
 author = {Kahan, Simon and Konecny, Petr},
  title = {{MAMA!}: A Memory Allocator for Multithreaded Architectures},
   booktitle = {Proceedings of the Eleventh ACM SIGPLAN Symposium on Principles and Practice of Parallel Programming},
    series = {PPoPP '06},
     year = {2006},
      isbn = {1-59593-189-9},
       location = {New York, New York, USA},
        pages = {178--186},
         numpages = {9},
          url = {http://doi.acm.org/10.1145/1122971.1122999},
           doi = {10.1145/1122971.1122999},
            acmid = {1122999},
             publisher = {ACM},
              address = {New York, NY, USA},
               keywords = {Eldorado, MTA, combining, malloc, multithreading, parallel memory allocation},
               } 

@inproceedings{flatcombining,
 author = {Dice, Dave and Marathe, Virendra J. and Shavit, Nir},
  title = {Flat-Combining {NUMA} Locks},
   booktitle = {Proceedings of the 23rd ACM symposium on Parallelism in algorithms and architectures},
    series = {SPAA '11},
     year = {2011},
      isbn = {978-1-4503-0743-7},
       location = {San Jose, California, USA},
        pages = {65--74},
         numpages = {10},
          url = {http://doi.acm.org/10.1145/1989493.1989502},
           doi = {10.1145/1989493.1989502},
            acmid = {1989502},
             publisher = {ACM},
              address = {New York, NY, USA},
               keywords = {flat combining, hierarchical locks, queue locks},
               } 


@inproceedings{vonEicken92,
 author = {von Eicken, Thorsten and Culler, David E. and Goldstein, Seth Copen and Schauser, Klaus Erik},
  title = {Active Messages: A Mechanism for Integrated Communication and Computation},
   booktitle = {Proceedings of the 19th Annual International Symposium on Computer Architecture},
    series = {ISCA '92},
     year = {1992},
      isbn = {0-89791-509-7},
       location = {Queensland, Australia},
        pages = {256--266},
         numpages = {11},
          url = {http://doi.acm.org/10.1145/139669.140382},
           doi = {10.1145/139669.140382},
            acmid = {140382},
             publisher = {ACM},
              address = {New York, NY, USA},
              } 


@misc{gasnet,
 author = {Bonachea, Dan},
  title = {{GASNet Specification}, v1.1},
   year = {2002},
    source = {http://www.ncstrl.org:8900/ncstrl/servlet/search?formname=detail\&id=oai%3Ancstrlh%3Aucb%3AUCB%2F%2FCSD-02-1207},
     publisher = {University of California at Berkeley},
      address = {Berkeley, CA, USA},
      } 

@inproceedings{Beamer:Graph500,
author = {Scott Beamer and Krste Asanović and David Patterson},
title = {Direction-Optimizing Breadth-First Search},
booktitle={Conference on Supercomputing (SC-2012)},
location={Salt Lake City, Utah},
month={November},
year={2012}
}

@MISC{graph500,
    key={Graph500},
    title = {Graph 500},
    year = {2012},
    month = {July},
    howpublished={\url{http://www.graph500.org/}}
    }



@ARTICLE{Freeman1979centrality,
    author = {Linton C. Freeman},
        title = {Centrality in Social Networks Conceptual Clarification},
            journal = {Social Networks},
                year = {1978},
                    pages = {215}
                    }


@article{Nelson:hotpar11,
    title={Crunching Large Graphs on Commodity Processors},
    author={Jacob Nelson and Brandon Myers and A.H. Hunter and Luis Ceze and Dan Grossman and Mark Oskin and Carl Ebeling and Simon Kahan and Preston Briggs.},
    journal={3rd USENIX Workshop on Hot Topics in Parallelism (HotPar)},
    year={2011},
    month={May},
    }

@misc{infinibandbandwidth,
    title={Interconnect Analysis: {10GigE and InfiniBand} in High Performance Computing},
    author={HPC Advisory Council},
    year={2012},
    month={July},
    howpublished={\url{http://www.hpcadvisorycouncil.com/pdf/IB_and_10GigE_in_HPC.pdf}}
    }


@MISC{osu:mpi,
    key={OSU MPI},
    title = {OSU MPI benchmarks},
    year = {2012},
    month = {July},
    howpublished={\url{http://mvapich.cse.ohio-state.edu/benchmarks/}}
    }


%%%%%%%%%%%%%%%%%%%%%%%%%%%%%%%%%%%%%%%%%%%


@string{toplas=" {ACM} Transactions on Programming Languages and Systems"}
@string{tocs=" {ACM} Transactions on Computer Systems"}
@string{pldi=" {ACM} Conference on Programming Language Design and Implementation"}
@string{popl=" {ACM} Symposium on Principles of Programming Languages"}
@string{oopsla= "{ACM} Conference on Object-Oriented Programming, Systems, Languages, and Applications"}
@string{icfp= " {ACM} International Conference on Functional Programming"}
@string{usenix=" {USENIX} Annual Technical Conference"}
@string{esop=" European Symposium on Programming"}
@string{jsspp=" Job Scheduling Strategies for Parallel Processing"}
@string{eurosys=" {ACM} European Conference on Computer Systems"}
@string{mobisys=" International Conference on Mobile Systems, Applications, and Services"}
@string{ndss=" Network and Distributed Systems Security Symposium"}
@string{ccs=" {ACM} Conference on Computer and Communications Security"}
@string{cc=" International Conference on Compiler Construction"}
@string{tldi=" {ACM} Workshop on Types in Language Design and Implementation"}
@string{mspc=" {ACM SIGPLAN} Workshop on Memory Systems Performance \& Correctness"}
@string{spaa= " {ACM} Symposium on Parallel Algorithms and Architectures"}
@string{sas= " International Static Analysis Symposium"}
@string{ppopp=" {ACM} Symposium on Principles and Practice of Parallel Programming"}
@string{ase=" {IEEE/ACM} International Conference on Automated
Software Engineering"}
@string{sosp=" {ACM} Symposium on Operating Systems Principles"}
@string{ismm=" International Symposium on Memory Management"}
@string{concur=" International Conference on Concurrency Theory"}
@string{fse=" International Symposium on Foundations of Software Engineering"}
@string{icse=" International Conference on Software Engineering"}
@string{isca=" International Symposium on Computer Architecture "}
@string{asplos=" International Conference on
Architectural Support for Programming Languages and Operating Systems "}
@string{hpca=" International Symposium on High-Performance Computer Architecture "}
@string{osdi=" {USENIX} Symposium on Operating Systems Design and Implementation"}
@string{transact="  {ACM SIGPLAN} Workshop on Transactional Computing"}
@string{hotpar=" {USENIX} Workshop on Hot Topics in Parallelism"}
@string{hotos=" {USENIX} Workshop on Hot Topics in Operating Systems"}
@string{nsdi=" {USENIX} Symposium on Networked Systems Design and Implementation"}
@string{cav=" International Conference on Computer Aided Verification"}
@string{issta= " {ACM SIGSOFT} International Symposium on Software Testing and Analysis"}
@string{tacas=" Conference on Tools and Algorithms for the Construction
and Analysis of Systems"} 
@string{sigmod=" {ACM SIGMOD} International Conference on Management of Data"}
@string{micro=" {IEEE/ACM} International Symposium on
                  Microarchitecture"}
@string{oakland=" {IEEE} Symposium on Security and Privacy"}

@string{entcs=" Electronic Notes in Theoretical Computer Science"}
@string{springer="Springer-Verlag"}
@string{lncs=" Lecture Notes in Computer Science"}
@string{aw="Addison-Wesley"}

@inproceedings{botlab-nsdi,
  author = "John P. John and Alexander Moshchuk and Steven D. Gribble
                  and Arvind Krishnamurthy",
  title = "Studying Spamming Botnets Using Botlab",
  booktitle = nsdi,
  year = 2009
}

@inproceedings{tripwires-nsdi,
  author = "Charles Reis and Steven D. Gribble and Tadayoshi Kohno",
  title = "Detecting In-Flight Page Changes with Web Tripwires",
  booktitle = nsdi,
  year = 2008
}

@inproceedings{dds-osdi,
  author = "Steven D. Gribble and Eric A. Brewer and Joseph
                  M. Hellerstein and David Culler",
  title = "Scalable, Distributed Data Structures for Internet Service
                  Construction",
  booktitle = osdi,
  year = 2000
}

@inproceedings{p2p-sosp,
  author = "Krishna P. Gummadi and Richard J. Dunn and Stefan Saroiu
                  and Steven D. Gribble and Henry M. Levy and John
                  Zahorjan",
  title = "Measurement, Modeling, and Analysis of a Peer-to-Peer
                  File-Sharing Workload",
  booktitle = sosp,
  year = 2003
}

@inproceedings{spyware-nsdi,
  author = "Stefan Saroiu and Steven D. Gribble and Henry M. Levy",
  title = "Measurement and Analysis of Spyware in a University
                  Environment",
  booktitle = nsdi,
  year = 2004
}

@inproceedings{flashproxy-mobisys,
  author = "Alexander Moshchuk and Steven D. Gribble and Henry
                  M. Levy",
  title = "Flashproxy: Transparently Enabling Rich Web Content via
                  Remote Execution",
  booktitle = mobisys,
  year = 2008
}

@inproceedings{spyware-ndss,
  author = "Alexander Moshchuk and Tanya Bragin and Steven D. Gribble
                  and Henry M. Levy",
  title = "A Crawler-Based Study of Spyware on the Web",
  booktitle = ndss,
  year = 2006
}

@inproceedings{content-osdi,
  author = "Stefan Saroiu and Krishna P. Gummadi and Richard J. Dunn
                  and Steven D. Gribble and Henry M. Levy",
  title = "An Analysis of Internet Content Delivery Systems",
  booktitle = osdi,
  year = 2002
}

@inproceedings{safeweb-hotos,
  author = "Charles Reis and Steven D. Gribble and Henry M. Levy",
  title = "Architectural Principles for Safe Web Programs",
  booktitle = hotos,
  year = 2007
}

@inproceedings{chrome-eurosys,
  author = "Charles Reis and Steven D. Gribble",
  title = "Isolating Web Programs in Modern Browser Architectures",
  booktitle = eurosys,
  year = 2009
}

@inproceedings{denali-osdi,
  author = "Andrew Whitaker and Marianne Shaw and Steven D. Gribble",
  title = "Scale and Performance in the Denali Isolation Kernel",
  booktitle = osdi,
  year = 2002
}

@inproceedings{denali-nsdi,
  author = "Andrew Whitaker and Richard S. Cox and Marianne Shaw and
                  Steven D. Gribble",
  title = "Constructing Services with Interposable Virtual Hardware",
  booktitle = nsdi,
  year = 2004
}

@inproceedings{homograph-usenix,
  author = "Tobias Holgers and David E. Watson and Steven D. Gribble",
  title = "Cutting through the Confusion: A Measurement Study of
                  Homograph Attacks",
  booktitle = usenix,
  year = 2006
}

@inproceedings{tahoma-oakland,
  author = "Richard S. Cox and Jacob Gorm Hansen and Steven D. Gribble
                  and Henry M. Levy",
  title = "A Safety-Oriented Platform for Web Applications",
  booktitle = oakland,
  year = 2006
}

@inproceedings{treadmarksusenix94,
  author = "Alan L. Cox and Sandhya Dwarkadas and Pete Keleher and
                  Honghui Lui and Ramakrishnan Rajamony and Willy
                  Zwaenepoel",
  title = "Software Versus Hardware Shared-Memory Implementation: A
                  Case Study",
  booktitle = usenix,
  year = 1994
}



@inproceedings{sosp09odr,
  author = "Gautam Altekar and Ion Stoica",
  title = "{ODR}: Output-Deterministic Replay for Multicore Debugging",
  booktitle = sosp,
  year = 2009
}

@inproceedings{sosp09pres,
  author="Soyeon Park and Yuanyuan Zhou and Weiwei Xiong and Zuoning Yin and Rini Kaushik and Kyu H. Lee and Shan Lu",
  title = "{PRES}: Probabilistic Replay with Execution Sketching on Multiprocessors",
  booktitle = sosp,
  year = 2009
}
@inproceedings{osdi08chess,
  author = "Madanlal Musuvathi and Shaz Qadeer and Thomas Ball and Gerard Basler and Piramanayagam Arumuga Nainar and Iulian Neamtiu",
  title = "Finding and Reproducing Heisenbugs in Concurrent Programs",
  booktitle = osdi,
  year = 2008
}

@article{tocs89coherence,
  author = "Kai Li and Paul Hudak",
  title = "Memory Coherence in Shared Virtual Memory Systems",
  journal = tocs,
  volume = 7,
  number = 4,
  year = 1989
}

@article{tocs99recplay,
  author = "Michiel Ronsse and Koen De Bosschere",
  title = "{RecPlay}: A Fully Integrated Practical Record/Replay System",
  journal = tocs,
  volume = 17,
  number = 2,
  year = 1999
}

@article{acm90schneider,
  author = "Fred B. Schneider",
  title = "Implementing Fault-Tolerant Services Using the State Machine Approach: A Tutorial",
  journal = "{ACM} Comput. Surv.",
  volume = 22,
  number = 4,
  year = 1990
}

@misc{cra,
title = "{CRA} Grand Research Challenges",
howpublished = {\url{http://www.cra.org/Activities/grand.challenges/architecture/home.html}}
}

@inproceedings{delorean,
  author = "Pablo Montesinos and Luis Ceze and Josep Torrellas",
  title = "{DeLorean}: Recording and Deterministically Replaying Shared-Memory Multiprocessor Execution Efficiently",
  booktitle = isca,
  year = 2008
}

@inproceedings{strata,
  author = "Satish Narayanasamy and Cristiano Pereira and Brad Calder",
  title = "Recording Shared Memory Dependencies Using {S}trata",
  booktitle = asplos,
  year = 2006
}

@inproceedings{atomaid,
  author = "Brandon Lucia and Joseph Devietti and Karin Strauss and Luis Ceze",
  title = "{Atom-Aid}: Detecting and Surviving Atomicity Violations",
  booktitle = isca,
  year = 2008
}

@inproceedings{fdr,
   author = {Min Xu and Rastislav Bodik and Mark D. Hill},
   booktitle = isca,
   title = {{A "Flight Data Recorder" for Enabling Full-System Multiprocessor Deterministic Replay}},
   year = 2003
}
@inproceedings{fdr2,
   author = {Min Xu and Mark D. Hill and Rastislav Bodik},
   title = "A Regulated Transitive Reduction ({RTR}) for Longer Memory Race Recording",
   booktitle=asplos,
   year=2006
}

@inproceedings{streamit,
  author = "William Thies and Michal Karczmarek and Saman P. Amarasinghe",
  title = "{StreamIt}: A Language for Streaming Applications",
  booktitle = cc,
  year = 2002
}

@article{jade,
  author = "Martin Rinard and Monica Lam",
  title = "The Design, Implementation, and Evaluation of {J}ade",
  journal = toplas,
  volume=20,
  number=3,
  year=1998
}

@inproceedings{bulk,
  author = "Luis Ceze and James Tuck and Calin Cascaval and Josep Torrellas",
  title = "Bulk Disambiguation of Speculative Threads in Multiprocessors",
  booktitle = isca,
  year = 2006
}

@inproceedings{bulksc,
  author = "Luis Ceze and  James Tuck and Pablo Montesinos and Josep Torrellas",
  booktitle = isca,
  title = "{BulkSC}: Bulk Enforcement of Sequential Consistency",
  year = 2007
}

@inproceedings{colorama,
  author= "Luis Ceze and Pablo Montesinos and Christop von Praun and Josep Torrellas",
  title="Colorama: Architectural Support for Data-Centric Synchronization",
  booktitle = hpca,
  year=2007
}


@inproceedings{swbulk,
  author = "James Tuck and Wonsun Ahn and Luis Ceze and Josep Torrellas",
  title = "{SoftSig}: Software-Exposed Hardware Signatures for Memory Disambiguation",
  booktitle = asplos,
  year = 2008
}

@inproceedings{rerun,
  author = "Derek Hower and Mark D. Hill",
  title = "Rerun: Exploiting Episodes for Lightweight Memory Race Recording",
  booktitle = isca,
  year = 2008
}

@article{rx,
  author = "Feng Qin and Joseph Tucek and Yuanyuan Zhou and Jagadeesan Sundaresan",
  title = "Rx: Treating Bugs as Allergies---A Safe Method to Survive Software Failures",
  journal=tocs,
  volume=25,
  number=3,
  year = 2007
}

@inproceedings{xupldi05,
  author = "Min Xu and Rastislav Bodik and Mark D. Hill",
  title = "A Serializability Violation Detector for Shared-Memory Server Programs",
  booktitle = pldi, 
  year = 2005
}

@inproceedings{rinard-failure,
 author = "Martin Rinard and Cristian Cadar and Daniel Dumitran and Daniel M. Roy and Tudor Leu and William S. {Beebee Jr.}",
 title = "Enhancing Server Availability and Security Through Failure-Oblivious Computing",
 booktitle = osdi,
 year = 2004
 }

@inproceedings{dmp,
  author = "Joseph Devietti and Brandon Lucia and Luis Ceze and Mark Oskin",
  booktitle = asplos,
  title = "{DMP}: Deterministic Shared Memory Multiprocessing",
  year = 2009
}
@inproceedings{asplos10coredet,
  author = "Tom Bergan and Owen Anderson and Joseph Devietti and Luis Ceze and Dan Grossman",
  title = "{CoreDet}: A Compiler and Runtime System for Deterministic Multithreaded Execution",
  booktitle = asplos,
  year = 2010
}
@inproceedings{dmpos,
  author = "Tom Bergan and Nick Hunt and Luis Ceze and Steven Gribble",
  title = "Deterministic Process Groups in {dOS}",
  booktitle = osdi,
  year = 2010
}

@inproceedings{grace,
  author = "Emery D. Berger and Ting Yang and Tongping Liu and Gene Novark",
  title = "Grace: Safe Multithreaded Programming for {C/C++}",
  booktitle = oopsla,
  year = 2009
}

@inproceedings{kendo,
  author = "Marek Olszewski and Jason Ansel and Saman Amarasinghe",
  title = "Kendo: Efficient Deterministic Multithreading in Software",
  booktitle = asplos,
  year = 2009
}

@techreport{nesl,
  author = "Guy Blelloch",
  institution = {CMU},
  title = {{NESL: A Nested Data-Parallel Language (Version 3.1)}},
  url = {http://www.cs.cmu.edu/afs/cs.cmu.edu/project/scandal/public/papers/CMU-CS-95-170.html}
}

@inproceedings{dpj,
  author = "Robert Bocchino and Vikram Adve and Danny Dig and Sartia Adve and Stephen Heumann and Rakesh Komuravelli and Jeffrey Overbey and Patrick Simmons and Hyojin Sung and Mohsen Vakilian",
  title = "A Type and Effect System for Deterministic Parallel {J}ava",
  booktitle = oopsla,
  year = 2009,
}

@inproceedings{cpp-memmodel,
  author = "Hans-J. Boehm and Sarita Adve",
  title = "Foundations of the {C++} Concurrency Memory Model",
  booktitle = pldi,
  year = 2008
}

@inproceedings{jmm-memmodel,
  author = "Jeremy Manson and William Pugh and Sarita Adve",
  title = "The {J}ava Memory Model",
  booktitle = popl,
  year = 2005
}

@inproceedings{weak-ordering,
  author = "Sarita Adve and Mark D. Hill",
  title = "Weak Ordering -- A New Definition",
  booktitle = isca,
  year = 1990
}

@inproceedings{ieee96nondetfault,
  author = "J. H. Slye and E. N. Elnozahy",
  title = "Supporting Nondeterministic Execution in Fault-Tolerant Systems",
  booktitle = " International Symposium on Fault-Tolerant Computing",
  year = 1996
}

@inproceedings{hotdep03nondet,
  author = "Joseph G. Slember and Priya Narasimhan",
  title = "Static Analysis Meets Distributed Fault-Tolerance: Enabling State-Machine
            Replication With Nondeterminism",
  booktitle = " Workshop on Hot Topics in System Dependability",
  year = 2006
}

@article{ieee06activerep,
  author = "Claudio Basile and Zbigniew Kalbarczyk and Ravishankar K. Iyer",
  title = "Active Replication of Multithreaded Applications",
  journal = " {IEEE} Transactions on Parallel and Distributed Systems",
  volume = 17,
  number = 5,
  year = 2006
}

@inproceedings{pldi05dart,
  author = "Patrice Godefroid and Nils Klarlund and Koushik Sen",
  title = "{DART}: Directed Automated Random Testing",
  booktitle = pldi,
  year = 2005
}

@inproceedings{emsoft05shim,
   author = "Stephen A. Edwards and Olivier Tardieu",
   title = "{SHIM}: A Deterministic Model for Heterogeneous Embedded Systems",
   booktitle = " {ACM} International Conference on Embedded Software",
   year = 2005
}

@misc{determinizer-model,
  author = {Amittai Aviram and Bryan Ford},
  title = "Deterministic Consistency: A Programming Model for Shared Memory Parallelism",
  year = 2010,
  howpublished = {\url{http://arxiv.org/abs/0912.0926}}
}

@inproceedings{determinizer-osdi,
  author = "Amittai Aviram and Shu-Chun Weng and Sen Hu and Bryan Ford",
  title = "Efficient System-Enforced Deterministic Parallelism",
  booktitle = osdi,
  year = 2010,
}

@inproceedings{netzer,
  author = "Robert H. B. Netzer",
  title = "Optimal Tracing and Replay for Debugging Shared-Memory Parallel Programs",
  booktitle = " {ACM/ONR} Workshop on Parallel and Distributed Debugging",
  year = 1993
}

@inproceedings{ieee99corba,
  author = "P. Narasimhan and L. Moser and P. M. Melliar-Smith",
  title = "Enforcing Determinism for the Consistent Replication of Multithreaded
            {CORBA} Applications",
  booktitle = " {IEEE} Symposium on Reliable Distributed Systems",
  year = 1999
}

@inproceedings{ieee03preemptive,
  author = "Claudio Basile and Zbigniew Kalbarczyk and Ravi Iyer",
  title = "A Preemptive Deterministic Scheduling Algorithm for Multithreaded Replicas",
  booktitle = "International Conference on Dependable Systems and Networks",
  year = 2003
}

@article{cacm96horus,
  author = {R. {Van Renesse} and K. Birman and S. Maffeis},
  title = {{Horus: A Flexible Group Communication System}},
  journal = {Communications of the {ACM}},
  volume = {39},
  number = {4},
  month = {April},
  year = {1996}
}

@article{cacm93isis,
  author = {K. P. Birman},
  title = {{The Process Group Approach to Reliable Distributed Computing}},
  journal = {Communications of the {ACM}},
  volume = {36},
  number = {12},
  month = {December},
  year = {1993}
}

@article{paxos,
  author = {Leslie Lamport},
  title = {{The Part-Time Parliament}},
  journal = tocs,
  volume = {16},
  number = {2},
  month = {May},
  year = {1998}
}

@inproceedings{hotos07replicant,
  author = "Jesse Pool and Ian Sin Kwok Wong and David Lie",
  title = "Relaxed Determinism: Making Redundant Execution on Multiprocessors Practical",
  booktitle = hotos,
  year = 2007
}

@inproceedings{asplos10respec,
  author = "Dongyoon Lee and Benjamin Wester and Kaushik Veeraraghavan and Satish Narayanasamy and Peter M. Chen and Jason Flinn",
  title = "Respec: Efficient Online Multiprocessor Replay via Speculation and External Determinism",
  booktitle = asplos,
  year = 2010
}

@inproceedings{tlsooo,
  author = "Jose Renau and James Tuck and Wei Liu and Luis Ceze and Karin Strauss and Josep Torrellas",
  title = "Tasking with Out-of-Order Spawn in {TLS} Chip Multiprocessors: Microarchitecture and Compilation",
  booktitle = "International Conference on Supercomputing",
  year  = 2005
}

@inproceedings{cyclops,
 author = "Calin Cascaval and Jose G. Castanos and Luis Ceze and Monty Denneau and Manish Gupta and Derek Lieber and Jose E. Moreira and Karin Strauss and Henry S. {Warren Jr.}",
 title = "Evaluation of a Multithreaded Architecture for Cellular Computing",
 booktitle = hpca,
 year = 2002
}

@inproceedings{ipot,
  author = "Christoph von Praun and Luis Ceze and Calin Cascaval",
  title = "Implicit Parallelism with Ordered Transactions",
  booktitle = ppopp,
  year = 2007
}

@inproceedings{posh,
  author = "Wei Liu and James Tuck and Luis Ceze and Wonsun Ahn and Karin Strauss and Jose Renau and Josep Torrellas",
  title = "{POSH}: A {TLS} Compiler that Exploits Program Structure",
  booktitle = ppopp,
  year = 2006
}

@article{aatoppicks,
  author = "Brandon Lucia and Joseph Devietti and Karin Strauss and Luis Ceze",
  title = "{Atom-Aid}: Detecting and Surviving Atomicity Violations",
  journal = "IEEE Micro Top Picks in Computer Architecture",
  year = 2009
}

@inproceedings{bugaboo,
  author = "Brandon Lucia and Luis Ceze",
  title = "Finding Concurrency Bugs with Context-Aware Communication Graphs",
  booktitle = micro,
  year = 2009
}

@inproceedings{ce-isca10,
  author = "Brandon Lucia and Luis Ceze and Karin Strauss and Shaz Qadeer and Hans-J. Boehm",
  title = "Conflict Exceptions: Providing Simple Concurrent Language Semantics with Precise Hardware Exceptions for Data Races",
  booktitle = isca,
  year = 2010
}

@inproceedings{cs-isca10,
  author = "Brandon Lucia and Luis Ceze and Karin Strauss",
  title = "{ColorSafe}: Architectural Support for Debugging and Dynamically Avoiding Multi-variable Atomicity Violations",
  booktitle = isca,
  year = 2010
}

@article{dmptoppicks,
 author = "Joseph Devietti and Brandon Lucia and Luis Ceze and Mark Oskin",
 title = "{DMP}: Deterministic Shared Memory Multiprocessing",
 journal = "{IEEE} Micro Top Picks in Computer Architecture",
 year = 2010
}

@article{myers-sabelfeld,
  author="Andrei Sabelfeld and Andrew C. Myers",
  title="Language-based information-flow security",
  journal="{IEEE} Journal on Selected Areas in Communications, special issue on Formal Methods for Security",
  volume=21,
  number=5,
  month=jan,
  year=2003
}

@inproceedings{oshajava,
  author="Benjamin P. Wood and Adrian Sampson and Luis Ceze and Dan Grossman",
  title="Composable Specifications for Structured Shared-Memory Communication",
  booktitle=oopsla,
  year=2010
}

@inproceedings{atomsfamily,
  author="Katherine F. Moore and Dan Grossman",
  title="High-Level Small-Step Operational Semantics for Transactions",
  booktitle= popl,
  year=2008,
}
@inproceedings{analogy,
  author="Dan Grossman",
  title="The Transactional Memory / Garbage Collection Analogy",
  year=2007,
  booktitle="{ACM} Conference on Object-Oriented Programming Systems,
  Languages, and Applications (Essays Track)",
}
@inproceedings{pldi-stm07,
  author="Tatiana Shpeisman and Vijay Menon and Ali-Reza Adl-Tabatabai and Steve Balensiefer and Dan Grossman and Richard Hudson and Katherine F. Moore and Bratin Saha",
  title="Enforcing Isolation and Ordering in {STM}",
  booktitle=pldi,
  year=2007,
}
@inproceedings{atomcaml,
  author = "Michael F. Ringenburg and Dan Grossman",
  title = "{AtomCaml}: First-Class Atomicity via Rollback",
  booktitle = icfp,
  year=2005,
}
@inproceedings{cyclone-threads,
  author = "Dan Grossman",
  title = "Type-Safe Multithreading in {C}yclone",
  booktitle = tldi,
  year = 2003,
}
@inproceedings{tpdlls,
  author="Marius Nita and Dan Grossman and Craig Chambers",
  title="A Theory of Platform-Dependent Low-Level Software",
  booktitle= popl,
  year=2008,
}
@article{qtil,
  author = "Dan Grossman",
  title = "Quantified Types in Imperative Languages",
  journal = toplas,
  volume = 28,
  number = 3,
  year = 2006
}
@inproceedings{cyclone-regions,
  author = "Dan Grossman and Greg Morrisett and Trevor Jim and Michael Hicks and Yanling Wang and James Cheney",
  title = "Region-Based Memory Management in {C}yclone",
  booktitle = pldi,
  year = 2002
}
@inproceedings{transactions-continuations,
  author="Aaron Kimball and Dan Grossman",
  title="Software Transactions Meet First-Class Continuations",
  booktitle=" Annual Workshop on Scheme and Functional Programming",
  year=2007
}
@inproceedings{atomjava-mspc,
  author="Benjamin Hindman and Dan Grossman",
  title="Atomicity via Source-to-Source Translation",
  year=2006,
  booktitle=mspc,
}
@inproceedings{memmodel-mspc,
  author="Dan Grossman and Jeremy Manson and William Pugh",
  title="What Do High-Level Memory Models Mean for Transactions?",
  year=2006,
  booktitle=mspc,
}
@inproceedings{endianness,
  author="Marius Nita and Dan Grossman",
  title="Automatic Transformation of Bit-Level {C} Code
to Support Multiple Equivalent Data Layouts",
  booktitle=cc,
  year=2008
}
@inproceedings{format-string,
  author = "Michael F. Ringenburg and Dan Grossman",
  title = "Preventing Format-String Attacks via Automatic and Efficient Dynamic Checking",
  booktitle=ccs,
  year=2005,
}
@article{cyclone-safemm-experience-scp,
 title = "Safe Manual Memory Management in {C}yclone",
 author = "Nikhil Swamy and Michael Hicks and Greg Morrisett and Dan Grossman and Trevor Jim",
 journal = scp # ", Special Issue: Five perspectives on modern memory management -- Systems, hardware and theory",
 year = 2006,
 volume = 62,
 number = 2,
}
@inproceedings{cyclone-usenix,
author="Trevor Jim and Greg Morrisett and Dan Grossman and Michael Hicks and James Cheney and Yanling Wang",
title="{C}yclone: A Safe Dialect of {C}",
booktitle=usenix,
year=2002,
}
@inproceedings{exists-imp,
  author="Dan Grossman",
  title="Existential Types for Imperative Languages",
  booktitle= esop,
  year=2002,
  volume = 2305,
  series = lncs,
  publisher = springer
}
@inproceedings{lockprediction,
  author="Brandon Lucia and Joseph Devietti and Tom Bergan and Luis Ceze and Dan Grossman",
  title="Lock Prediction",
  booktitle= hotpar,
  year=2010
}
@inproceedings{sigmod2010,
  author="Kristi Morton and Magdalena Balazinska and Dan Grossman",
  title="{ParaTimer}: A Progress Indicator for MapReduce {DAGs}",
  booktitle=sigmod,
  year=2010,
 }
@inproceedings{pldi-seminal07,
  author="Benjamin Lerner and Matthew Flower and Dan Grossman and Craig Chambers",
  title="Searching for Type-Error Messages",
  booktitle=pldi,
  year=2007,
}

@misc{amdasf,
  author = {AMD},
  title = {{Advanced Synchronization Facility: Proposed Architectural Specification}},
  howpublished = "\url{http://developer.amd.com/cpu/ASF/Pages/default.aspx}",
  year = {2009}
}

@InProceedings{logtm,
  author = {Kevin Moore and Jayaram Bobba and Michelle J. Moravam and Mark Hill and David Wood},
  title = {{LogTM: Log-Based Transactional Memory}},
  booktitle = hpca,
  year = {2006},
}

@InProceedings{vtm,
  author = {Ravi Rajwar and Maurice Herlihy and Konrad Lai},
  title = {{Virtualizing Transactional Memory}},
  booktitle = isca,
  year = {2005}
}

@misc{sunrock,
	Howpublished = {\url{http://www.theregister.co.uk/2007/08/21/sun_transactional_memory_rock/}},
	Title = {{Sun slots transactional memory into Rock}}}

@inproceedings{tcc,
	Author = {Lance Hammond and Vicky Wong and Mike Chen and Brian D. Carlstrom and John D. Davis and Ben Hertzberg and Manohar K. Prabhu and Honggo Wijaya and Christos Kozyrakis and Kunle Olukotun},
        Title = {{Transactional Memory Coherence and Consistency}}, 
	Booktitle = isca,
	Year = {2004}
}

@inproceedings{koushik-concolic, 
author = {Koushi Sen and Darko Marinov and Gul Agha},
Title = {{CUTE: A Concolic Unit Testing Engine for C}},
booktitle = fse,
Year = 2005
}

@inproceedings{exe-ccs06,
  author = "Cristian Cadar  and Vijay Ganesh  and Peter M. Pawlowski  and David L. Dill  and
Dawson R. Engler",
  title = {{Preventing Format-String Attacks via Automatic and Efficient Dynamic Checking}},
  booktitle=ccs,
  year=2006,
}

@inproceedings{fdrtg-icse07,
  author = "Carlos Pacheco and Shuvendu K. Lahiri and Michael D. Ernst and Thomas Ball",
  title = {{Feedback-Directed Random Test Generation}},
  booktitle=icse,
  year=2007,
}

@inproceedings{koushik-detcheck1,
  author = "J. Burnim and K. Sen",
  title = {{Asserting and Checking Determinism for Multithreaded Programs}},
  booktitle=fse,
  year=2009,
}

@inproceedings{koushik-detcheck2,
  author = "J. Burnim and K. Sen",
  title = {{DETERMIN: Inferring Likely Deterministic Specifications of Multithreaded Programs}},
  booktitle=ICSE,
  year=2010,
}

@inproceedings{josep-detcheck,
  author = "Adrian Nistor and Darko Marinov and Josep Torrellas",
  title = {{InstantCheck: Checking the Determinism of Parallel Programs Using On-the-fly Incremental Hashing}},
  booktitle=micro,
  year=2010,
}

@inproceedings{shcmp08,
  author="Joseph Devietti and Brandon Lucia and Luis Ceze and Mark Oskin",
  title="Explicitly Parallel Programming with Shared-Memory is Insane: At Least Make it Deterministic!",
  booktitle="Workshop on Software and Hardware Challenges of Manycore Platforms",
  year=2008
}
@inproceedings{wodet11,
  author="Tom Bergan and Joseph Devietti and Nicholas Hunt and Luis Ceze",
  title="The Deterministic Execution Hammer: How Well Does it Actually Pound Nails?",
  booktitle="Workshop on Determinism and Correctness in Parallel Programming",
  year=2011
}
@inproceedings{asplos11rcdc,
  author="Joseph Devietti and Jacob Nelson and Tom Bergan and Luis Ceze and Dan Grossman",
  title="{RCDC}: A Relaxed-Consistency Deterministic Computer",
  booktitle=asplos,
  year=2011
}
@inproceedings{dpj-popl,
  author="Robert Bocchino and Stephen Heumann and Nima Honarmand and Sarita V. Adve and Vikram S. Adve and Adam Welc and Tatiana Shpeisman",
  title="Safe Nondeterminism in a Deterministic-by-Default Parallel Language",
  booktitle=popl,
  year=2011
}
@inproceedings{haskell-dynsep,
  author="Laura Effinger-Dean and Dan Grossman",
  title="Region-Based Dynamic Separation for {STM} {H}askell",
  booktitle = transact,
  year=2011
}
@inproceedings{dre-benefits,
  author="Benjamin P. Wood and Luis Ceze and Dan Grossman",
  title="Data-Race Exceptions Have Benefits Beyond the Memory Model",
  booktitle=mspc,
  year=2011
}
@inproceedings{enerj,
  author="Adrian Sampson and Werner Dietl and Emily Fortuna and Danushen Gnanapragasam and Luis Ceze and Dan Grossman",
  title="{EnerJ}: Approximate Data Types for Safe and General Low-Power Computation",
  booktitle=pldi,
  year=2011
}

@InProceedings{userace-mspc11,
  author = 	 {Benjamin Wood and Luis Ceze and Dan Grossman},
  title = 	 {{Data-Race Exceptions Have Benefits Beyond the Memory Model}},
  booktitle =    {Workshop on Memory System Performance and Correctness w/ Conference on Programming Language Design and Implementation (MSPC w/ PLDI)},
  year = 	 {2011},
  url  =         {}
}

@InProceedings{racedet-europar,
  author = 	 {Rodrigo Gonzalez-Alberquilla and Karin Strauss and Luis Pinuel and Luis Ceze},
  title = 	 {{Accelerating Data Race Detection with Minimal Hardware Support}},
  booktitle =    {EuroPar},
  year = 	 {2011},
  url  =         {}
}

@InProceedings{tern,
  author = 	 {Heming Cui and Jingyue Wu and Chia-Che Tsai and Junfeng Yang},
  title = 	 {{Stable Deterministic Multithreading through Schedule Memoization}},
  booktitle =    osdi,
  year = 2010
}

@INPROCEEDINGS{Alverson95schedulingon,
    author = {Gail Alverson and Simon Kahan and Richard Korry and Cathy Mccann and Burton Smith},
    title = {Scheduling on the Tera MTA},
    booktitle = {In Job Scheduling Strategies for Parallel Processing},
    year = {1995},
    pages = {pp.},
    publisher = {Springer-Verlag}
}
@INPROCEEDINGS{Alverson97terahardware-software,
    author = {Gail Alverson and Preston Briggs and Susan Coatney and Simon Kahan and Richard Korry},
    title = {Tera Hardware-Software Cooperation},
    booktitle = {In Proceedings of Supercomputing},
    year = {1997},
    pages = {1--16},
    publisher = {IEEE Computer Society Press}
}

@INPROCEEDINGS{Underwood07analyzingthe,
    author = {Keith D. Underwood and Megan Vance and Jonathan Berry and Bruce Hendrickson},
    title = {Analyzing the scalability of graph algorithms on eldorado},
    booktitle = {In 21st IEEE International Parallel and Distributed Processing Symposium, submitted},
    year = {2007}
}

@inproceedings{caulfield:2012,
 author = {Caulfield, Adrian M. and Mollov, Todor I. and Eisner, Louis Alex and De, Arup and Coburn, Joel and Swanson, Steven},
 title = {Providing safe, user space access to fast, solid state disks},
 booktitle = {{ASPLOS} 2012},
 year = {2012},
 isbn = {978-1-4503-0759-8},
 location = {London, England, UK},
 pages = {387--400},
 numpages = {14},
 url = {http://doi.acm.org/10.1145/2150976.2151017},
 doi = {10.1145/2150976.2151017},
 acmid = {2151017},
 publisher = {ACM},
 address = {New York, NY, USA},
 keywords = {I/O performance, file systems, non-volatile memory, storage systems, virtualization},
} 

@MISC{fusionio,
    key = {FusionIO},
    title = {{FusionIO ioDrive Octal datasheet}},
    year = {2012},
    month = {December},
    howpublished={\url{https://www.fusionio.com}}
    }

@MISC{micronFlash,
    key = {micronFlash},
    title = {{Micron {MT29F16G08} {NAND} Flash Datasheet}},
    year = {2012},
    month = {December},
    howpublished={\url{https://www.micron.com}}
    }
