[download]
@inproceedings{Andersen:2009:FFA:1629575.1629577,
 author = {Andersen, David G. and Franklin, Jason and Kaminsky, Michael and Phanishayee, Amar and Tan, Lawrence and Vasudevan, Vijay},
 title = {FAWN: a fast array of wimpy nodes},
 booktitle = {Proceedings of the ACM SIGOPS 22nd symposium on Operating systems principles},
 series = {SOSP '09},
 year = {2009},
 isbn = {978-1-60558-752-3},
 location = {Big Sky, Montana, USA},
 pages = {1--14},
 numpages = {14},
 url = {http://doi.acm.org/10.1145/1629575.1629577},
 doi = {10.1145/1629575.1629577},
 acmid = {1629577},
 publisher = {ACM},
 address = {New York, NY, USA},
 keywords = {cluster computing, design, energy efficiency, flash, measurement, performance},
} 
@inproceedings{Tu:2009:AAM:1548888.1549699,
 author = {Tu, Bibo and Fan, Jianping and Zhan, Jianfeng and Zhao, Xiaofang},
 title = {Accurate Analytical Models for Message Passing on Multi-core Clusters},
 booktitle = {Proceedings of the 2009 17th Euromicro International Conference on Parallel, Distributed and Network-based Processing},
 series = {PDP '09},
 year = {2009},
 isbn = {978-0-7695-3544-9},
 pages = {133--139},
 numpages = {7},
 url = {http://dx.doi.org/10.1109/PDP.2009.18},
 doi = {10.1109/PDP.2009.18},
 acmid = {1549699},
 publisher = {IEEE Computer Society},
 address = {Washington, DC, USA},
 keywords = {analytical model, memory hierarchy, CMP, multi-core clusters, message passing},
} 
@inproceedings{Feeley:1995:IGM:224056.224072,
 author = {Feeley, M. J. and Morgan, W. E. and Pighin, E. P. and Karlin, A. R. and Levy, H. M. and Thekkath, C. A.},
 title = {Implementing global memory management in a workstation cluster},
 booktitle = {Proceedings of the fifteenth ACM symposium on Operating systems principles},
 series = {SOSP '95},
 year = {1995},
 isbn = {0-89791-715-4},
 location = {Copper Mountain, Colorado, USA},
 pages = {201--212},
 numpages = {12},
 url = {http://doi.acm.org/10.1145/224056.224072},
 doi = {10.1145/224056.224072},
 acmid = {224072},
 publisher = {ACM},
 address = {New York, NY, USA},
} 
@inproceedings{Scales:1996:SLO:237090.237179,
 author = {Scales, Daniel J. and Gharachorloo, Kourosh and Thekkath, Chandramohan A.},
 title = {Shasta: a low overhead, software-only approach for supporting fine-grain shared memory},
 booktitle = {Proceedings of the seventh international conference on Architectural support for programming languages and operating systems},
 series = {ASPLOS VII},
 year = {1996},
 isbn = {0-89791-767-7},
 location = {Cambridge, Massachusetts, USA},
 pages = {174--185},
 numpages = {12},
 url = {http://doi.acm.org/10.1145/237090.237179},
 doi = {10.1145/237090.237179},
 acmid = {237179},
 publisher = {ACM},
 address = {New York, NY, USA},
} 
@article{Bershad:1990:LRP:77648.77650,
 author = {Bershad, Brian N. and Anderson, Thomas E. and Lazowska, Edward D. and Levy, Henry M.},
 title = {Lightweight remote procedure call},
 journal = {ACM Trans. Comput. Syst.},
 issue_date = {Feb. 1990},
 volume = {8},
 number = {1},
 month = feb,
 year = {1990},
 issn = {0734-2071},
 pages = {37--55},
 numpages = {19},
 url = {http://doi.acm.org/10.1145/77648.77650},
 doi = {10.1145/77648.77650},
 acmid = {77650},
 publisher = {ACM},
 address = {New York, NY, USA},
} 
@article{Bershad:1991:UIC:103720.114701,
 author = {Bershad, Brian N. and Anderson, Thomas E. and Lazowska, Edward D. and Levy, Henry M.},
 title = {User-level interprocess communication for shared memory multiprocessors},
 journal = {ACM Trans. Comput. Syst.},
 issue_date = {May 1991},
 volume = {9},
 number = {2},
 month = may,
 year = {1991},
 issn = {0734-2071},
 pages = {175--198},
 numpages = {24},
 url = {http://doi.acm.org/10.1145/103720.114701},
 doi = {10.1145/103720.114701},
 acmid = {114701},
 publisher = {ACM},
 address = {New York, NY, USA},
 keywords = {multiprocessor, operating system, parallel programming, performance, thread},
} 
@techreport{Price:1974:BCS:892026,
 author = {Price, Thomas G.},
 title = {Balanced computer systems.},
 year = {1974},
 source = {http://www.ncstrl.org:8900/ncstrl/servlet/search?formname=detail\&id=oai%3Ancstrlh%3Astan%3ASTAN%2F%2FCS-TR-74-435},
 publisher = {Stanford University},
 address = {Stanford, CA, USA},
} 
@article{Choi:1996:TCC:613781.613983,
 author = {Choi, Lynn and Lim, Hock-Beng and Yew, Pen-Chung},
 title = {Techniques for Compiler-Directed Cache Coherence},
 journal = {IEEE Parallel Distrib. Technol.},
 issue_date = {December 1996},
 volume = {4},
 number = {4},
 month = dec,
 year = {1996},
 issn = {1063-6552},
 pages = {23--34},
 numpages = {12},
 url = {http://dx.doi.org/10.1109/88.544434},
 doi = {10.1109/88.544434},
 acmid = {613983},
 publisher = {IEEE Computer Society Press},
 address = {Los Alamitos, CA, USA},
 keywords = {Cache Coherence, Compiler, Shared-memory Multiprocessors},
} 
@inproceedings{Adve:1990:WON:325164.325100,
 author = {Adve, Sarita V. and Hill, Mark D.},
 title = {Weak ordering\â€”a new definition},
 booktitle = {Proceedings of the 17th annual international symposium on Computer Architecture},
 series = {ISCA '90},
 year = {1990},
 isbn = {0-89791-366-3},
 location = {Seattle, Washington, USA},
 pages = {2--14},
 numpages = {13},
 url = {http://doi.acm.org/10.1145/325164.325100},
 doi = {10.1145/325164.325100},
 acmid = {325100},
 publisher = {ACM},
 address = {New York, NY, USA},
 keywords = {sequential consistency, shared-memory multiprocessor, weak ordering},
} 
@article{Adve:1996:SMC:619013.620590,
 author = {Adve, Sarita V. and Gharachorloo, Kourosh},
 title = {Shared Memory Consistency Models: A Tutorial},
 journal = {Computer},
 issue_date = {December 1996},
 volume = {29},
 number = {12},
 month = dec,
 year = {1996},
 issn = {0018-9162},
 pages = {66--76},
 numpages = {11},
 url = {http://dx.doi.org/10.1109/2.546611},
 doi = {10.1109/2.546611},
 acmid = {620590},
 publisher = {IEEE Computer Society Press},
 address = {Los Alamitos, CA, USA},
} 
@inproceedings{Marino:2010:DSE:1806596.1806636,
 author = {Marino, Daniel and Singh, Abhayendra and Millstein, Todd and Musuvathi, Madanlal and Narayanasamy, Satish},
 title = {DRFX: a simple and efficient memory model for concurrent programming languages},
 booktitle = {Proceedings of the 2010 ACM SIGPLAN conference on Programming language design and implementation},
 series = {PLDI '10},
 year = {2010},
 isbn = {978-1-4503-0019-3},
 location = {Toronto, Ontario, Canada},
 pages = {351--362},
 numpages = {12},
 url = {http://doi.acm.org/10.1145/1806596.1806636},
 doi = {10.1145/1806596.1806636},
 acmid = {1806636},
 publisher = {ACM},
 address = {New York, NY, USA},
 keywords = {data races, memory model exception, memory models, sequential consistency, soft fences},
} 
@inproceedings{Felten:1996:EEM:232973.233004,
 author = {Felten, Edward W. and Alpert, Richard D. and Bilas, Angelos and Blumrich, Matthias A. and Clark, Douglas W. and Damianakis, Stefanos N. and Dubnicki, Cezary and Iftode, Liviu and Li, Kai},
 title = {Early experience with message-passing on the SHRIMP multicomputer},
 booktitle = {Proceedings of the 23rd annual international symposium on Computer architecture},
 series = {ISCA '96},
 year = {1996},
 isbn = {0-89791-786-3},
 location = {Philadelphia, Pennsylvania, USA},
 pages = {296--307},
 numpages = {12},
 url = {http://doi.acm.org/10.1145/232973.233004},
 doi = {10.1145/232973.233004},
 acmid = {233004},
 publisher = {ACM},
 address = {New York, NY, USA},
} 
@inproceedings{vonBehren:2003:CST:945445.945471,
 author = {von Behren, Rob and Condit, Jeremy and Zhou, Feng and Necula, George C. and Brewer, Eric},
 title = {Capriccio: scalable threads for internet services},
 booktitle = {Proceedings of the nineteenth ACM symposium on Operating systems principles},
 series = {SOSP '03},
 year = {2003},
 isbn = {1-58113-757-5},
 location = {Bolton Landing, NY, USA},
 pages = {268--281},
 numpages = {14},
 url = {http://doi.acm.org/10.1145/945445.945471},
 doi = {10.1145/945445.945471},
 acmid = {945471},
 publisher = {ACM},
 address = {New York, NY, USA},
 keywords = {blocking graph, dynamic stack growth, linked stack management, resource-aware scheduling, user-level threads},
} 
@inproceedings{Wallach:1996:AAH:248156.248161,
 author = {Wallach, Deborah A. and Engler, Dawson R. and Kaashoek, M. Frans},
 title = {ASHs: Application-specific handlers for high-performance messaging},
 booktitle = {Conference proceedings on Applications, technologies, architectures, and protocols for computer communications},
 series = {SIGCOMM '96},
 year = {1996},
 isbn = {0-89791-790-1},
 location = {Palo Alto, California, USA},
 pages = {40--52},
 numpages = {13},
 url = {http://doi.acm.org/10.1145/248156.248161},
 doi = {10.1145/248156.248161},
 acmid = {248161},
 publisher = {ACM},
 address = {New York, NY, USA},
} 
@inproceedings{Buonadonna:2002:QPI:545215.545243,
 author = {Buonadonna, Philip and Culler, David},
 title = {Queue pair IP: a hybrid architecture for system area networks},
 booktitle = {Proceedings of the 29th annual international symposium on Computer architecture},
 series = {ISCA '02},
 year = {2002},
 isbn = {0-7695-1605-X},
 location = {Anchorage, Alaska},
 pages = {247--256},
 numpages = {10},
 url = {http://dl.acm.org/citation.cfm?id=545215.545243},
 acmid = {545243},
 publisher = {IEEE Computer Society},
 address = {Washington, DC, USA},
 keywords = {Interconnection Networks, Network Interfaces, Internetworking, Distributed Computing},
} 
@inproceedings{Krishnamurthy:1996:EAS:237090.237147,
 author = {Krishnamurthy, Arvind and Schauser, Klaus E. and Scheiman, Chris J. and Wang, Randolph Y. and Culler, David E. and Yelick, Katherine},
 title = {Evaluation of architectural support for global address-based communication in large-scale parallel machines},
 booktitle = {Proceedings of the seventh international conference on Architectural support for programming languages and operating systems},
 series = {ASPLOS VII},
 year = {1996},
 isbn = {0-89791-767-7},
 location = {Cambridge, Massachusetts, USA},
 pages = {37--48},
 numpages = {12},
 url = {http://doi.acm.org/10.1145/237090.237147},
 doi = {10.1145/237090.237147},
 acmid = {237147},
 publisher = {ACM},
 address = {New York, NY, USA},
} 
@article{Pakin:1997:FME:613783.614014,
 author = {Pakin, Scott and Karamcheti, Vijay and Chien, Andrew A.},
 title = {Fast Messages: Efficient, Portable Communication for Workstation Clusters and MPPs},
 journal = {IEEE Parallel Distrib. Technol.},
 issue_date = {April 1997},
 volume = {5},
 number = {2},
 month = apr,
 year = {1997},
 issn = {1063-6552},
 pages = {60--73},
 numpages = {14},
 url = {http://dl.acm.org/citation.cfm?id=613783.614014},
 acmid = {614014},
 publisher = {IEEE Computer Society Press},
 address = {Los Alamitos, CA, USA},
} 
@inproceedings{Hsieh:1996:DCM:369028.369119,
 author = {Hsieh, Wilson C. and Kaashoek, M. Frans and Weihl, William E.},
 title = {Dynamic computation migration in DSM systems},
 booktitle = {Proceedings of the 1996 ACM/IEEE conference on Supercomputing (CDROM)},
 series = {Supercomputing '96},
 year = {1996},
 isbn = {0-89791-854-1},
 location = {Pittsburgh, Pennsylvania, USA},
 articleno = {44},
 url = {http://dx.doi.org/10.1145/369028.369119},
 doi = {10.1145/369028.369119},
 acmid = {369119},
 publisher = {IEEE Computer Society},
 address = {Washington, DC, USA},
 keywords = {computation migration, data migration, replication, coherence},
} 
@article{Damianakis:1997:CCS:623273.624063,
 author = {Damianakis, Stefanos N. and Bilas, Angelos and Dubnicki, Cezary and Felten, Edward W.},
 title = {Client-Server Computing on Shrimp},
 journal = {IEEE Micro},
 issue_date = {January 1997},
 volume = {17},
 number = {1},
 month = jan,
 year = {1997},
 issn = {0272-1732},
 pages = {8--18},
 numpages = {11},
 url = {http://dx.doi.org/10.1109/40.566186},
 doi = {10.1109/40.566186},
 acmid = {624063},
 publisher = {IEEE Computer Society Press},
 address = {Los Alamitos, CA, USA},
 keywords = {Interconnects, client-server computing, multicomputing, distributed computing, fault tolerance},
} 
@inproceedings{Rumble:2011:TLL:1991596.1991611,
 author = {Rumble, Stephen M. and Ongaro, Diego and Stutsman, Ryan and Rosenblum, Mendel and Ousterhout, John K.},
 title = {It's time for low latency},
 booktitle = {Proceedings of the 13th USENIX conference on Hot topics in operating systems},
 series = {HotOS'13},
 year = {2011},
 location = {Napa, California},
 pages = {11--11},
 numpages = {1},
 url = {http://dl.acm.org/citation.cfm?id=1991596.1991611},
 acmid = {1991611},
 publisher = {USENIX Association},
 address = {Berkeley, CA, USA},
} 
@inproceedings{Wang:1998:MCP:277851.277867,
 author = {Wang, Randolph Y. and Krishnamurthy, Arvind and Martin, Richard P. and Anderson, Thomas E. and Culler, David E.},
 title = {Modeling communication pipeline latency},
 booktitle = {Proceedings of the 1998 ACM SIGMETRICS joint international conference on Measurement and modeling of computer systems},
 series = {SIGMETRICS '98/PERFORMANCE '98},
 year = {1998},
 isbn = {0-89791-982-3},
 location = {Madison, Wisconsin, USA},
 pages = {22--32},
 numpages = {11},
 url = {http://doi.acm.org/10.1145/277851.277867},
 doi = {10.1145/277851.277867},
 acmid = {277867},
 publisher = {ACM},
 address = {New York, NY, USA},
} 
@inproceedings{Speight:1999:RPP:305138.305192,
 author = {Speight, Evan and Abdel-Shafi, Hazim and Bennett, John K.},
 title = {Realizing the performance potential of the virtual interface architecture},
 booktitle = {Proceedings of the 13th international conference on Supercomputing},
 series = {ICS '99},
 year = {1999},
 isbn = {1-58113-164-X},
 location = {Rhodes, Greece},
 pages = {184--192},
 numpages = {9},
 url = {http://doi.acm.org/10.1145/305138.305192},
 doi = {10.1145/305138.305192},
 acmid = {305192},
 publisher = {ACM},
 address = {New York, NY, USA},
} 
@article{Welsh:1998:MMU:623280.624175,
 author = {Welsh, Matt and Basu, Anindya and Huang, Xun Wilson and von Eicken, Thorsten},
 title = {Memory Management for User-Level Network Interfaces},
 journal = {IEEE Micro},
 issue_date = {March 1998},
 volume = {18},
 number = {2},
 month = mar,
 year = {1998},
 issn = {0272-1732},
 pages = {77--82},
 numpages = {6},
 url = {http://dx.doi.org/10.1109/40.671405},
 doi = {10.1109/40.671405},
 acmid = {624175},
 publisher = {IEEE Computer Society Press},
 address = {Los Alamitos, CA, USA},
 keywords = {Network architecutre, network interfaces, memory management, U-Net},
} 
@article{Dunning:1998:VIA:623280.624174,
 author = {Dunning, Dave and Regnier, Greg and McAlpine, Gary and Cameron, Don and Shubert, Bill and Berry, Frank and Merritt, Anne Marie and Gronke, Ed and Dodd, Chris},
 title = {The Virtual Interface Architecture},
 journal = {IEEE Micro},
 issue_date = {March 1998},
 volume = {18},
 number = {2},
 month = mar,
 year = {1998},
 issn = {0272-1732},
 pages = {66--76},
 numpages = {11},
 url = {http://dx.doi.org/10.1109/40.671404},
 doi = {10.1109/40.671404},
 acmid = {624174},
 publisher = {IEEE Computer Society Press},
 address = {Los Alamitos, CA, USA},
 keywords = {VI Architecture, networking, network interface, software overhead, data I/O},
} 
@inproceedings{Buonadonna:1998:IAV:509058.509074,
 author = {Buonadonna, Philip and Geweke, Andrew and Culler, David},
 title = {An implementation and analysis of the virtual interface architecture},
 booktitle = {Proceedings of the 1998 ACM/IEEE conference on Supercomputing (CDROM)},
 series = {Supercomputing '98},
 year = {1998},
 isbn = {0-89791-984-X},
 location = {San Jose, CA},
 pages = {1--15},
 numpages = {15},
 url = {http://dl.acm.org/citation.cfm?id=509058.509074},
 acmid = {509074},
 publisher = {IEEE Computer Society},
 address = {Washington, DC, USA},
 keywords = {cluster, interconnect, network, system-area, user-level, virtual interface architecture},
} 
@inproceedings{Bilas:1999:UNI:300979.301003,
 author = {Bilas, Angelos and Liao, Cheng and Singh, Jaswinder Pal},
 title = {Using network interface support to avoid asynchronous protocol processing in shared virtual memory systems},
 booktitle = {Proceedings of the 26th annual international symposium on Computer architecture},
 series = {ISCA '99},
 year = {1999},
 isbn = {0-7695-0170-2},
 location = {Atlanta, Georgia, USA},
 pages = {282--293},
 numpages = {12},
 url = {http://dx.doi.org/10.1145/300979.301003},
 doi = {10.1145/300979.301003},
 acmid = {301003},
 publisher = {IEEE Computer Society},
 address = {Washington, DC, USA},
} 
@article{vonEicken:1998:EVI:619035.621121,
 author = {von Eicken, Thorsten and Vogels, Werner},
 title = {Evolution of the Virtual Interface Architecture},
 journal = {Computer},
 issue_date = {November 1998},
 volume = {31},
 number = {11},
 month = nov,
 year = {1998},
 issn = {0018-9162},
 pages = {61--68},
 numpages = {8},
 url = {http://dx.doi.org/10.1109/2.730738},
 doi = {10.1109/2.730738},
 acmid = {621121},
 publisher = {IEEE Computer Society Press},
 address = {Los Alamitos, CA, USA},
} 
@inproceedings{Araki:1998:UCQ:509058.509076,
 author = {Araki, Soichiro and Bilas, Angelos and Dubnicki, Cezary and Edler, Jan and Konishi, Koichi and Philbin, James},
 title = {User-space communication: a quantitative study},
 booktitle = {Proceedings of the 1998 ACM/IEEE conference on Supercomputing (CDROM)},
 series = {Supercomputing '98},
 year = {1998},
 isbn = {0-89791-984-X},
 location = {San Jose, CA},
 pages = {1--16},
 numpages = {16},
 url = {http://dl.acm.org/citation.cfm?id=509058.509076},
 acmid = {509076},
 publisher = {IEEE Computer Society},
 address = {Washington, DC, USA},
 keywords = {Active Messages (AM), Basic Interface for Parallelism (BIP), Fast Messages (FM), LogP, Myrinet, PM, Virtual Memory Mapped Communication (VMMC), bandwidth, clusters of wordstations, high performance computing, latency, performance analysis, user-space communication},
} 
@article{Blumrich:1995:VNI:623261.623897,
 author = {Blumrich, Matthias A. and Dubnicki, Cezary and Felten, Edward W. and Li, Kai and Mesarina, Malena R.},
 title = {Virtual-Memory-Mapped Network Interfaces},
 journal = {IEEE Micro},
 issue_date = {February 1995},
 volume = {15},
 number = {1},
 month = feb,
 year = {1995},
 issn = {0272-1732},
 pages = {21--28},
 numpages = {8},
 url = {http://dx.doi.org/10.1109/40.342014},
 doi = {10.1109/40.342014},
 acmid = {623897},
 publisher = {IEEE Computer Society Press},
 address = {Los Alamitos, CA, USA},
} 
@inproceedings{Schauser:1995:EAM:645605.663228,
 author = {Schauser, Klaus E. and Scheiman, Chris J.},
 title = {Experience with active messages on the Meiko CS-2},
 booktitle = {Proceedings of the 9th International Symposium on Parallel Processing},
 series = {IPPS '95},
 year = {1995},
 isbn = {0-8186-7074-6},
 pages = {140--149},
 numpages = {10},
 url = {http://dl.acm.org/citation.cfm?id=645605.663228},
 acmid = {663228},
 publisher = {IEEE Computer Society},
 address = {Washington, DC, USA},
 keywords = {Meiko CS-2, active messages, communication architecture, low latency, message passing, network communication co-processors, parallel architectures, parallel machines},
} 
@inproceedings{Mukherjee:1996:CNI:232973.232999,
 author = {Mukherjee, Shubhendu S. and Falsafi, Babak and Hill, Mark D. and Wood, David A.},
 title = {Coherent network interfaces for fine-grain communication},
 booktitle = {Proceedings of the 23rd annual international symposium on Computer architecture},
 series = {ISCA '96},
 year = {1996},
 isbn = {0-89791-786-3},
 location = {Philadelphia, Pennsylvania, USA},
 pages = {247--258},
 numpages = {12},
 url = {http://doi.acm.org/10.1145/232973.232999},
 doi = {10.1145/232973.232999},
 acmid = {232999},
 publisher = {ACM},
 address = {New York, NY, USA},
} 
@inproceedings{vonEicken:1995:UUN:224056.224061,
 author = {von Eicken, T. and Basu, A. and Buch, V. and Vogels, W.},
 title = {U-Net: a user-level network interface for parallel and distributed computing (includes URL)},
 booktitle = {Proceedings of the fifteenth ACM symposium on Operating systems principles},
 series = {SOSP '95},
 year = {1995},
 isbn = {0-89791-715-4},
 location = {Copper Mountain, Colorado, USA},
 pages = {40--53},
 numpages = {14},
 url = {http://doi.acm.org/10.1145/224056.224061},
 doi = {10.1145/224056.224061},
 acmid = {224061},
 publisher = {ACM},
 address = {New York, NY, USA},
} 
@inproceedings{Ponnusamy:1992:SRI:147877.148034,
 author = {Ponnusamy, R. and Thakur, R. and Choudhary, A. and Fox, G.},
 title = {Scheduling regular and irregular communication patterns on the CM-5},
 booktitle = {Proceedings of the 1992 ACM/IEEE conference on Supercomputing},
 series = {Supercomputing '92},
 year = {1992},
 isbn = {0-8186-2630-5},
 location = {Minneapolis, Minnesota, USA},
 pages = {394--402},
 numpages = {9},
 url = {http://dl.acm.org/citation.cfm?id=147877.148034},
 acmid = {148034},
 publisher = {IEEE Computer Society Press},
 address = {Los Alamitos, CA, USA},
} 
@article{vonEicken:1995:LCO:623261.623900,
 author = {von Eicken, Thorsten and Basu, Anindya and Buch, Vineet},
 title = {Low-Latency Communication Over ATM Networks Using Active Messages},
 journal = {IEEE Micro},
 issue_date = {February 1995},
 volume = {15},
 number = {1},
 month = feb,
 year = {1995},
 issn = {0272-1732},
 pages = {46--53},
 numpages = {8},
 url = {http://dx.doi.org/10.1109/40.342017},
 doi = {10.1109/40.342017},
 acmid = {623900},
 publisher = {IEEE Computer Society Press},
 address = {Los Alamitos, CA, USA},
 keywords = {Parallel Computing, network of workstations, message passing, communication layer, communication performance.},
} 
@inproceedings{Karamcheti:1995:CAS:223982.224440,
 author = {Karamcheti, Vijay and Chien, Andrew A.},
 title = {A comparison of architectural support for messaging in the TMC CM-5 and the Cray T3D},
 booktitle = {Proceedings of the 22nd annual international symposium on Computer architecture},
 series = {ISCA '95},
 year = {1995},
 isbn = {0-89791-698-0},
 location = {S. Margherita Ligure, Italy},
 pages = {298--307},
 numpages = {10},
 url = {http://doi.acm.org/10.1145/223982.224440},
 doi = {10.1145/223982.224440},
 acmid = {224440},
 publisher = {ACM},
 address = {New York, NY, USA},
} 
@article{Boden:1995:MGL:623261.623898,
 author = {Boden, Nanette J. and Cohen, Danny and Felderman, Robert E. and Kulawik, Alan E. and Seitz, Charles L. and Seizovic, Jakov N. and Su, Wen-King},
 title = {Myrinet: A Gigabit-per-Second  Local Area Network},
 journal = {IEEE Micro},
 issue_date = {February 1995},
 volume = {15},
 number = {1},
 month = feb,
 year = {1995},
 issn = {0272-1732},
 pages = {29--36},
 numpages = {8},
 url = {http://dx.doi.org/10.1109/40.342015},
 doi = {10.1109/40.342015},
 acmid = {623898},
 publisher = {IEEE Computer Society Press},
 address = {Los Alamitos, CA, USA},
} 
@inproceedings{Pakin:1995:HPM:224170.224360,
 author = {Pakin, Scott and Lauria, Mario and Chien, Andrew},
 title = {High performance messaging on workstations: Illinois fast messages (FM) for Myrinet},
 booktitle = {Proceedings of the 1995 ACM/IEEE conference on Supercomputing (CDROM)},
 series = {Supercomputing '95},
 year = {1995},
 isbn = {0-89791-816-9},
 location = {San Diego, California, USA},
 articleno = {55},
 url = {http://doi.acm.org/10.1145/224170.224360},
 doi = {10.1145/224170.224360},
 acmid = {224360},
 publisher = {ACM},
 address = {New York, NY, USA},
} 
@inproceedings{Blumrich:1996:PUD:525424.822652,
 author = {Blumrich, M. A. and Dubnicki, C. and Felten, E. W. and Li, Kai},
 title = {Protected, user-level DMA for the SHRIMP network interface},
 booktitle = {Proceedings of the 2nd IEEE Symposium on High-Performance Computer Architecture},
 series = {HPCA '96},
 year = {1996},
 isbn = {0-8186-7237-4},
 pages = {154--},
 url = {http://dl.acm.org/citation.cfm?id=525424.822652},
 acmid = {822652},
 publisher = {IEEE Computer Society},
 address = {Washington, DC, USA},
 keywords = {DMA, DMA transfers, SHRIMP network interface, User-level Direct Memory Access, address translation, computer interfaces, computer networks, file organisation, network interfaces, operating system, permission checking, virtual memory translation},
} 
@inproceedings{Chen:1998:UMA:291069.291046,
 author = {Chen, Yuqun and Bilas, Angelos and Damianakis, Stefanos N. and Dubnicki, Cezary and Li, Kai},
 title = {UTLB: a mechanism for address translation on network interfaces},
 booktitle = {Proceedings of the eighth international conference on Architectural support for programming languages and operating systems},
 series = {ASPLOS VIII},
 year = {1998},
 isbn = {1-58113-107-0},
 location = {San Jose, California, USA},
 pages = {193--204},
 numpages = {12},
 url = {http://doi.acm.org/10.1145/291069.291046},
 doi = {10.1145/291069.291046},
 acmid = {291046},
 publisher = {ACM},
 address = {New York, NY, USA},
} 
@inproceedings{Zhou:1996:PET:238721.238763,
 author = {Zhou, Yuanyuan and Iftode, Liviu and Li, Kai},
 title = {Performance evaluation of two home-based lazy release consistency protocols for shared virtual memory systems},
 booktitle = {Proceedings of the second USENIX symposium on Operating systems design and implementation},
 series = {OSDI '96},
 year = {1996},
 isbn = {1-880446-82-0},
 location = {Seattle, Washington, USA},
 pages = {75--88},
 numpages = {14},
 url = {http://doi.acm.org/10.1145/238721.238763},
 doi = {10.1145/238721.238763},
 acmid = {238763},
 publisher = {ACM},
 address = {New York, NY, USA},
} 
@inproceedings{Iftode:1999:SVM:305138.305191,
 author = {Iftode, Liviu and Blumrich, Matthias and Dubnicki, Cezary and Oppenheimer, David L. and Singh, Jaswinder Pal and Li, Kai},
 title = {Shared virtual memory with automatic update support},
 booktitle = {Proceedings of the 13th international conference on Supercomputing},
 series = {ICS '99},
 year = {1999},
 isbn = {1-58113-164-X},
 location = {Rhodes, Greece},
 pages = {175--183},
 numpages = {9},
 url = {http://doi.acm.org/10.1145/305138.305191},
 doi = {10.1145/305138.305191},
 acmid = {305191},
 publisher = {ACM},
 address = {New York, NY, USA},
} 
@inproceedings{Dubnicki:1997:DIV:645607.661490,
 author = {Dubnicki, Cezary and Bilas, Angelos and Li, Kai},
 title = {Design and Implementation of Virtual Memory-Mapped Communication on Myrinet},
 booktitle = {Proceedings of the 11th International Symposium on Parallel Processing},
 series = {IPPS '97},
 year = {1997},
 isbn = {0-8186-7792-9},
 pages = {388--},
 url = {http://dl.acm.org/citation.cfm?id=645607.661490},
 acmid = {661490},
 publisher = {IEEE Computer Society},
 address = {Washington, DC, USA},
} 
@article{Li:1989:MCS:75104.75105,
 author = {Li, Kai and Hudak, Paul},
 title = {Memory coherence in shared virtual memory systems},
 journal = {ACM Trans. Comput. Syst.},
 issue_date = {Nov. 1989},
 volume = {7},
 number = {4},
 month = nov,
 year = {1989},
 issn = {0734-2071},
 pages = {321--359},
 numpages = {39},
 url = {http://doi.acm.org/10.1145/75104.75105},
 doi = {10.1145/75104.75105},
 acmid = {75105},
 publisher = {ACM},
 address = {New York, NY, USA},
} 
@article{Morin:2004:TES:1006383.1006385,
 author = {Morin, Christine and Gallard, Pascal and Lottiaux, Renaud and Vall{\'e}e, Geoffroy},
 title = {Towards an efficient single system image cluster operating system},
 journal = {Future Gener. Comput. Syst.},
 issue_date = {May 2004},
 volume = {20},
 number = {4},
 month = may,
 year = {2004},
 issn = {0167-739X},
 pages = {505--521},
 numpages = {17},
 url = {http://dx.doi.org/10.1016/S0167-739X(03)00170-5},
 doi = {10.1016/S0167-739X(03)00170-5},
 acmid = {1006385},
 publisher = {Elsevier Science Publishers B. V.},
 address = {Amsterdam, The Netherlands, The Netherlands},
 keywords = {cluster, distributed system, operating system, single system image},
} 
@article{Carter:1995:TRC:210126.210127,
 author = {Carter, John B. and Bennett, John K. and Zwaenepoel, Willy},
 title = {Techniques for reducing consistency-related communication in distributed shared-memory systems},
 journal = {ACM Trans. Comput. Syst.},
 issue_date = {Aug. 1995},
 volume = {13},
 number = {3},
 month = aug,
 year = {1995},
 issn = {0734-2071},
 pages = {205--243},
 numpages = {39},
 url = {http://doi.acm.org/10.1145/210126.210127},
 doi = {10.1145/210126.210127},
 acmid = {210127},
 publisher = {ACM},
 address = {New York, NY, USA},
 keywords = {cache consistency protocols, distributed shared memory, memory models, release consistency, virtual shared memory},
} 
@inproceedings{Bisiani:1990:PDS:325164.325121,
 author = {Bisiani, Roberto and Ravishankar, Mosur},
 title = {PLUS: a distributed shared-memory system},
 booktitle = {Proceedings of the 17th annual international symposium on Computer Architecture},
 series = {ISCA '90},
 year = {1990},
 isbn = {0-89791-366-3},
 location = {Seattle, Washington, USA},
 pages = {115--124},
 numpages = {10},
 url = {http://doi.acm.org/10.1145/325164.325121},
 doi = {10.1145/325164.325121},
 acmid = {325121},
 publisher = {ACM},
 address = {New York, NY, USA},
} 
@inproceedings{Gelado:2010:ADS:1736020.1736059,
 author = {Gelado, Isaac and Stone, John E. and Cabezas, Javier and Patel, Sanjay and Navarro, Nacho and Hwu, Wen-mei W.},
 title = {An asymmetric distributed shared memory model for heterogeneous parallel systems},
 booktitle = {Proceedings of the fifteenth edition of ASPLOS on Architectural support for programming languages and operating systems},
 series = {ASPLOS XV},
 year = {2010},
 isbn = {978-1-60558-839-1},
 location = {Pittsburgh, Pennsylvania, USA},
 pages = {347--358},
 numpages = {12},
 url = {http://doi.acm.org/10.1145/1736020.1736059},
 doi = {10.1145/1736020.1736059},
 acmid = {1736059},
 publisher = {ACM},
 address = {New York, NY, USA},
 keywords = {asymmetric distributed shared memory, data-centric programming models, heterogeneous systems},
} 
@inproceedings{Keleher:1994:TDS:1267074.1267084,
 author = {Keleher, Pete and Cox, Alan L. and Dwarkadas, Sandhya and Zwaenepoel, Willy},
 title = {{TreadMarks: Distributed} Shared Memory on Standard Workstations and Operating Systems},
 booktitle = {Proceedings of the USENIX Winter 1994 Technical Conference},
 series = {WTEC'94},
 year = {1994},
 location = {San Francisco, California},
 pages = {115-131},
 url = {http://dl.acm.org/citation.cfm?id=1267074.1267084},
 acmid = {1267084},
 publisher = {USENIX Association},
 address = {Berkeley, CA, USA},
} 
@inproceedings{Fleisch:1989:MCD:74850.74871,
 author = {Fleisch, B. and Popek, G.},
 title = {Mirage: a coherent distributed shared memory design},
 booktitle = {Proceedings of the twelfth ACM symposium on Operating systems principles},
 series = {SOSP '89},
 year = {1989},
 isbn = {0-89791-338-8},
 pages = {211--223},
 numpages = {13},
 url = {http://doi.acm.org/10.1145/74850.74871},
 doi = {10.1145/74850.74871},
 acmid = {74871},
 publisher = {ACM},
 address = {New York, NY, USA},
} 
@inproceedings{Chase:1989:ASP:74850.74865,
 author = {Chase, J. and Amador, F. and Lazowska, E. and Levy, H. and Littlefield, R.},
 title = {The Amber system: parallel programming on a network of multiprocessors},
 booktitle = {Proceedings of the twelfth ACM symposium on Operating systems principles},
 series = {SOSP '89},
 year = {1989},
 isbn = {0-89791-338-8},
 pages = {147--158},
 numpages = {12},
 url = {http://doi.acm.org/10.1145/74850.74865},
 doi = {10.1145/74850.74865},
 acmid = {74865},
 publisher = {ACM},
 address = {New York, NY, USA},
} 
@inproceedings{Black:1986:OSE:28697.28706,
 author = {Black, Andrew and Hutchinson, Norman and Jul, Eric and Levy, Henry},
 title = {Object structure in the Emerald system},
 booktitle = {Conference proceedings on Object-oriented programming systems, languages and applications},
 series = {OOPLSA '86},
 year = {1986},
 isbn = {0-89791-204-7},
 location = {Portland, Oregon, USA},
 pages = {78--86},
 numpages = {9},
 url = {http://doi.acm.org/10.1145/28697.28706},
 doi = {10.1145/28697.28706},
 acmid = {28706},
 publisher = {ACM},
 address = {New York, NY, USA},
} 
@article{Bershad:1988:PSO:52195.52196,
 author = {Bershad, Brian N. and Lazowska, Edward D. and Levy, Henry M.},
 title = {PRESTO: a system for object-oriented parallel programming},
 journal = {Softw. Pract. Exper.},
 issue_date = {August 1988},
 volume = {18},
 number = {8},
 month = aug,
 year = {1988},
 issn = {0038-0644},
 pages = {713--732},
 numpages = {20},
 url = {http://dx.doi.org/10.1002/spe.4380180802},
 doi = {10.1002/spe.4380180802},
 acmid = {52196},
 publisher = {John Wiley \& Sons, Inc.},
 address = {New York, NY, USA},
} 
@inproceedings{Bennett:1990:ASC:325164.325124,
 author = {Bennett, John K. and Carter, John B. and Zwaenepoel, Willy},
 title = {Adaptive software cache management for distributed shared memory architectures},
 booktitle = {Proceedings of the 17th annual international symposium on Computer Architecture},
 series = {ISCA '90},
 year = {1990},
 isbn = {0-89791-366-3},
 location = {Seattle, Washington, USA},
 pages = {125--134},
 numpages = {10},
 url = {http://doi.acm.org/10.1145/325164.325124},
 doi = {10.1145/325164.325124},
 acmid = {325124},
 publisher = {ACM},
 address = {New York, NY, USA},
} 
@inproceedings{Bennett:1990:MDS:99163.99182,
  title={Munin: {Distributed} Shared Memory Based on Type-Specific Memory Coherence},
  author={John K. Bennett and John B. Carter and Willy Zwaenepoel},
   booktitle = {Proceedings of the Second ACM SIGPLAN symposium on Principles and Practice of Parallel Programming},
    series = {PPOPP '90},
  pages={168--176},
 year = {1990},
 isbn = {0-89791-350-7},
 location = {Seattle, Washington, USA},
 numpages = {9},
 url = {http://doi.acm.org/10.1145/99163.99182},
 doi = {10.1145/99163.99182},
 acmid = {99182},
 publisher = {ACM},
 address = {New York, NY, USA},
} 
@inproceedings{Carter:1991:IPM:121132.121159,
 author = {Carter, John B. and Bennett, John K. and Zwaenepoel, Willy},
 title = {Implementation and Performance of {Munin}},
 booktitle = {Proceedings of the Thirteenth ACM Symposium on Operating Systems Principles},
 series = {SOSP '91},
 year = {1991},
 isbn = {0-89791-447-3},
 location = {Pacific Grove, California, USA},
 pages = {152--164},
 numpages = {13},
 url = {http://doi.acm.org/10.1145/121132.121159},
 doi = {10.1145/121132.121159},
 acmid = {121159},
 publisher = {ACM},
 address = {New York, NY, USA},
} 
@article{Amza:1996:TSM:226705.226708,
 author = {Amza, Cristiana and Cox, Alan L. and Dwarkadas, Sandhya and Keleher, Pete and Lu, Honghui and Rajamony, Ramakrishnan and Yu, Weimin and Zwaenepoel, Willy},
 title = {TreadMarks: Shared Memory Computing on Networks of Workstations},
 journal = {Computer},
 issue_date = {February 1996},
 volume = {29},
 number = {2},
 month = feb,
 year = {1996},
 issn = {0018-9162},
 pages = {18--28},
 numpages = {11},
 url = {http://dx.doi.org/10.1109/2.485843},
 doi = {10.1109/2.485843},
 acmid = {226708},
 publisher = {IEEE Computer Society Press},
 address = {Los Alamitos, CA, USA},
} 
@article{Hill:1993:CSM:161541.161544,
 author = {Hill, Mark D. and Larus, James R. and Reinhardt, Steven K. and Wood, David A.},
 title = {Cooperative shared memory: software and hardware for scalable multiprocessors},
 journal = {ACM Trans. Comput. Syst.},
 issue_date = {Nov. 1993},
 volume = {11},
 number = {4},
 month = nov,
 year = {1993},
 issn = {0734-2071},
 pages = {300--318},
 numpages = {19},
 url = {http://doi.acm.org/10.1145/161541.161544},
 doi = {10.1145/161541.161544},
 acmid = {161544},
 publisher = {ACM},
 address = {New York, NY, USA},
 keywords = {cache coherence, directory protocols, memory systems, programming model, shared-memory multiprocessors},
} 
@inproceedings{Schoinas:1994:FAC:195473.195575,
 author = {Schoinas, Ioannis and Falsafi, Babak and Lebeck, Alvin R. and Reinhardt, Steven K. and Larus, James R. and Wood, David A.},
 title = {Fine-grain access control for distributed shared memory},
 booktitle = {Proceedings of the sixth international conference on Architectural support for programming languages and operating systems},
 series = {ASPLOS VI},
 year = {1994},
 isbn = {0-89791-660-3},
 location = {San Jose, California, USA},
 pages = {297--306},
 numpages = {10},
 url = {http://doi.acm.org/10.1145/195473.195575},
 doi = {10.1145/195473.195575},
 acmid = {195575},
 publisher = {ACM},
 address = {New York, NY, USA},
} 
@inproceedings{Reinhardt:1998:TTU:285930.286008,
 author = {Reinhardt, Steven K. and Larus, James R. and Wood, David A.},
 title = {Tempest and typhoon: user-level shared memory},
 booktitle = {25 years of the international symposia on Computer architecture (selected papers)},
 series = {ISCA '98},
 year = {1998},
 isbn = {1-58113-058-9},
 location = {Barcelona, Spain},
 pages = {497--508},
 numpages = {12},
 url = {http://doi.acm.org/10.1145/285930.286008},
 doi = {10.1145/285930.286008},
 acmid = {286008},
 publisher = {ACM},
 address = {New York, NY, USA},
} 
@inproceedings{Reinhardt:1998:RTT:285930.285968,
 author = {Reinhardt, Steven K. and Larus, James R. and Wood, David A.},
 title = {Retrospective: tempest and typhoon: user-level shared memory},
 booktitle = {25 years of the international symposia on Computer architecture (selected papers)},
 series = {ISCA '98},
 year = {1998},
 isbn = {1-58113-058-9},
 location = {Barcelona, Spain},
 pages = {98--102},
 numpages = {5},
 url = {http://doi.acm.org/10.1145/285930.285968},
 doi = {10.1145/285930.285968},
 acmid = {285968},
 publisher = {ACM},
 address = {New York, NY, USA},
} 
@inproceedings{Falsafi:1994:APU:602770.602838,
 author = {Falsafi, Babak and Lebeck, Alvin R. and Reinhardt, Steven K. and Schoinas, Ioannis and Hill, Mark D. and Larus, James R. and Rogers, Anne and Wood, David A.},
 title = {Application-specific protocols for user-level shared memory},
 booktitle = {Proceedings of the 1994 ACM/IEEE conference on Supercomputing},
 series = {Supercomputing '94},
 year = {1994},
 isbn = {0-8186-6605-6},
 location = {Washington, D.C.},
 pages = {380--389},
 numpages = {10},
 url = {http://dl.acm.org/citation.cfm?id=602770.602838},
 acmid = {602838},
 publisher = {IEEE Computer Society Press},
 address = {Los Alamitos, CA, USA},
} 
@inproceedings{Mukherjee:1995:ESI:209936.209945,
 author = {Mukherjee, Shubhendu S. and Sharma, Shamik D. and Hill, Mark D. and Larus, James R. and Rogers, Anne and Saltz, Joel},
 title = {Efficient support for irregular applications on distributed-memory machines},
 booktitle = {Proceedings of the fifth ACM SIGPLAN symposium on Principles and practice of parallel programming},
 series = {PPOPP '95},
 year = {1995},
 isbn = {0-89791-700-6},
 location = {Santa Barbara, California, USA},
 pages = {68--79},
 numpages = {12},
 url = {http://doi.acm.org/10.1145/209936.209945},
 doi = {10.1145/209936.209945},
 acmid = {209945},
 publisher = {ACM},
 address = {New York, NY, USA},
} 
@inproceedings{Blumrich:1998:DCS:279358.279402,
 author = {Blumrich, Matthias A. and Alpert, Richard D. and Chen, Yuqun and Clark, Douglas W. and Damianakis, Stefanos N. and Dubnicki, Cezary and Felten, Edward W. and Iftode, Liviu and Li, Kai and Martonosi, Margaret and Shillner, Robert A.},
 title = {Design choices in the SHRIMP system: an empirical study},
 booktitle = {Proceedings of the 25th annual international symposium on Computer architecture},
 series = {ISCA '98},
 year = {1998},
 isbn = {0-8186-8491-7},
 location = {Barcelona, Spain},
 pages = {330--341},
 numpages = {12},
 url = {http://dx.doi.org/10.1145/279358.279402},
 doi = {10.1145/279358.279402},
 acmid = {279402},
 publisher = {IEEE Computer Society},
 address = {Washington, DC, USA},
} 
@inproceedings{Blumrich:1998:VMM:285930.286006,
 author = {Blumrich, Matthias A. and Li, Kai and Alpert, Richard and Dubnicki, Cezary and Felten, Edward W. and Sandberg, Jonathan},
 title = {Virtual memory mapped network interface for the SHRIMP multicomputer},
 booktitle = {25 years of the international symposia on Computer architecture (selected papers)},
 series = {ISCA '98},
 year = {1998},
 isbn = {1-58113-058-9},
 location = {Barcelona, Spain},
 pages = {473--484},
 numpages = {12},
 url = {http://doi.acm.org/10.1145/285930.286006},
 doi = {10.1145/285930.286006},
 acmid = {286006},
 publisher = {ACM},
 address = {New York, NY, USA},
} 
@inproceedings{Blumrich:1998:RVM:285930.285966,
 author = {Blumrich, Matthias A. and Li, Kai and Alpert, Richard D. and Dubnicki, Cezary and Felten, Edward W. and Sandberg, Jonathan},
 title = {Retrospective: virtual memory mapped network interface for the SHRIMP multicomputer},
 booktitle = {25 years of the international symposia on Computer architecture (selected papers)},
 series = {ISCA '98},
 year = {1998},
 isbn = {1-58113-058-9},
 location = {Barcelona, Spain},
 pages = {92--94},
 numpages = {3},
 url = {http://doi.acm.org/10.1145/285930.285966},
 doi = {10.1145/285930.285966},
 acmid = {285966},
 publisher = {ACM},
 address = {New York, NY, USA},
} 
@article{Arvind:1989:IDS:69558.69562,
 author = {Arvind and Nikhil, Rishiyur S. and Pingali, Keshav K.},
 title = {I-structures: data structures for parallel computing},
 journal = {ACM Trans. Program. Lang. Syst.},
 issue_date = {Oct. 1989},
 volume = {11},
 number = {4},
 month = oct,
 year = {1989},
 issn = {0164-0925},
 pages = {598--632},
 numpages = {35},
 url = {http://doi.acm.org/10.1145/69558.69562},
 doi = {10.1145/69558.69562},
 acmid = {69562},
 publisher = {ACM},
 address = {New York, NY, USA},
} 
@inproceedings{Nikhil:1992:TMM:139669.139715,
 author = {Nikhil, R. S. and Papadopoulos, G. M. and Arvind},
 title = {T: a multithreaded massively parallel architecture},
 booktitle = {Proceedings of the 19th annual international symposium on Computer architecture},
 series = {ISCA '92},
 year = {1992},
 isbn = {0-89791-509-7},
 location = {Queensland, Australia},
 pages = {156--167},
 numpages = {12},
 url = {http://doi.acm.org/10.1145/139669.139715},
 doi = {10.1145/139669.139715},
 acmid = {139715},
 publisher = {ACM},
 address = {New York, NY, USA},
} 
@inproceedings{Tseng:2012:SDT:2384616.2384668,
 author = {Tseng, Hung-Wei and Tullsen, Dean Michael},
 title = {Software data-triggered threads},
 booktitle = {Proceedings of the ACM international conference on Object oriented programming systems languages and applications},
 series = {OOPSLA '12},
 year = {2012},
 isbn = {978-1-4503-1561-6},
 location = {Tucson, Arizona, USA},
 pages = {703--716},
 numpages = {14},
 url = {http://doi.acm.org/10.1145/2384616.2384668},
 doi = {10.1145/2384616.2384668},
 acmid = {2384668},
 publisher = {ACM},
 address = {New York, NY, USA},
 keywords = {data-triggered threads, parallel programming models},
} 
@inproceedings{Culler:1993:TFL:647025.714362,
 author = {Culler, David E. and Schauser, Klaus E. and Eicken, Thorsten von},
 title = {Two Fundamental Limits on Dataflow Multiprocessing},
 booktitle = {Proceedings of the IFIP WG10.3. Working Conference on Architectures and Compilation Techniques for Fine and Medium Grain Parallelism},
 series = {PACT '93},
 year = {1993},
 isbn = {0-444-88464-5},
 pages = {153--164},
 numpages = {12},
 url = {http://dl.acm.org/citation.cfm?id=647025.714362},
 acmid = {714362},
 publisher = {North-Holland Publishing Co.},
 address = {Amsterdam, The Netherlands, The Netherlands},
} 
@article{Halstead:1994:PCR:181993.181997,
 author = {Halstead, Burt and Callahan, David and Dennis, Jack and Nikhil, R. S. and Sarkar, Vivek},
 title = {Programming, compilation, and resource management issues for multithreading (panel session II)},
 journal = {SIGARCH Comput. Archit. News},
 issue_date = {March 1994},
 volume = {22},
 number = {1},
 month = mar,
 year = {1994},
 issn = {0163-5964},
 pages = {19--33},
 numpages = {15},
 url = {http://doi.acm.org/10.1145/181993.181997},
 doi = {10.1145/181993.181997},
 acmid = {181997},
 publisher = {ACM},
 address = {New York, NY, USA},
} 
@inproceedings{Alverson:1992:EHP:143369.143408,
 author = {Alverson, Gail and Alverson, Robert and Callahan, David and Koblenz, Brian and Porterfield, Allan and Smith, Burton},
 title = {Exploiting heterogeneous parallelism on a multithreaded multiprocessor},
 booktitle = {Proceedings of the 6th international conference on Supercomputing},
 series = {ICS '92},
 year = {1992},
 isbn = {0-89791-485-6},
 location = {Washington, D. C., USA},
 pages = {188--197},
 numpages = {10},
 url = {http://doi.acm.org/10.1145/143369.143408},
 doi = {10.1145/143369.143408},
 acmid = {143408},
 publisher = {ACM},
 address = {New York, NY, USA},
} 
@inproceedings{Spertus:1993:EMF:165123.165165,
 author = {Spertus, Ellen and Goldstein, Seth Copen and Schauser, Klaus Erik and von Eicken, Thorsten and Culler, David E. and Dally, William J.},
 title = {Evaluation of mechanisms for fine-grained parallel programs in the J-machine and the CM-5},
 booktitle = {Proceedings of the 20th annual international symposium on computer architecture},
 series = {ISCA '93},
 year = {1993},
 isbn = {0-8186-3810-9},
 location = {San Diego, California, USA},
 pages = {302--313},
 numpages = {12},
 url = {http://doi.acm.org/10.1145/165123.165165},
 doi = {10.1145/165123.165165},
 acmid = {165165},
 publisher = {ACM},
 address = {New York, NY, USA},
} 
@inproceedings{Spertus:1995:ELB:209936.209956,
 author = {Spertus, Ellen and Dally, William J.},
 title = {Evaluating the locality benefits of active messages},
 booktitle = {Proceedings of the fifth ACM SIGPLAN symposium on Principles and practice of parallel programming},
 series = {PPOPP '95},
 year = {1995},
 isbn = {0-89791-700-6},
 location = {Santa Barbara, California, USA},
 pages = {189--198},
 numpages = {10},
 url = {http://doi.acm.org/10.1145/209936.209956},
 doi = {10.1145/209936.209956},
 acmid = {209956},
 publisher = {ACM},
 address = {New York, NY, USA},
} 
@inproceedings{vonEicken:1998:AMM:285930.286002,
 author = {von Eicken, Thorsten and Culler, David E. and Goldstein, Seth Copen and Schauser, Klaus Erik},
 title = {Active messages: a mechanism for integrating communication and computation},
 booktitle = {25 years of the international symposia on Computer architecture (selected papers)},
 series = {ISCA '98},
 year = {1998},
 isbn = {1-58113-058-9},
 location = {Barcelona, Spain},
 pages = {430--440},
 numpages = {11},
 url = {http://doi.acm.org/10.1145/285930.286002},
 doi = {10.1145/285930.286002},
 acmid = {286002},
 publisher = {ACM},
 address = {New York, NY, USA},
} 
@inproceedings{vonEicken:1992:AMM:139669.140382,
 author = {von Eicken, Thorsten and Culler, David E. and Goldstein, Seth Copen and Schauser, Klaus Erik},
 title = {Active messages: a mechanism for integrated communication and computation},
 booktitle = {Proceedings of the 19th annual international symposium on Computer architecture},
 series = {ISCA '92},
 year = {1992},
 isbn = {0-89791-509-7},
 location = {Queensland, Australia},
 pages = {256--266},
 numpages = {11},
 url = {http://doi.acm.org/10.1145/139669.140382},
 doi = {10.1145/139669.140382},
 acmid = {140382},
 publisher = {ACM},
 address = {New York, NY, USA},
} 
@inproceedings{Roh:1995:ACO:224659.224704,
 author = {Roh, Lucas and Najjar, Walid A.},
 title = {Analysis of communications and overhead reduction in multithreaded execution},
 booktitle = {Proceedings of the IFIP WG10.3 working conference on Parallel architectures and compilation techniques},
 series = {PACT '95},
 year = {1995},
 isbn = {0-89791-745-6},
 location = {Limassol, Cyprus},
 pages = {122--130},
 numpages = {9},
 url = {http://dl.acm.org/citation.cfm?id=224659.224704},
 acmid = {224704},
 publisher = {IFIP Working Group on Algol},
 address = {Manchester, UK, UK},
} 
@inproceedings{Papadopoulos:1990:MET:325164.325117,
 author = {Papadopoulos, Gregory M. and Culler, David E.},
 title = {Monsoon: an explicit token-store architecture},
 booktitle = {Proceedings of the 17th annual international symposium on Computer Architecture},
 series = {ISCA '90},
 year = {1990},
 isbn = {0-89791-366-3},
 location = {Seattle, Washington, USA},
 pages = {82--91},
 numpages = {10},
 url = {http://doi.acm.org/10.1145/325164.325117},
 doi = {10.1145/325164.325117},
 acmid = {325117},
 publisher = {ACM},
 address = {New York, NY, USA},
} 
@inproceedings{Johnson:1992:ICL:139669.140403,
 author = {Johnson, Kirk L.},
 title = {The impact of communication locality on large-scale multiprocessor performance},
 booktitle = {Proceedings of the 19th annual international symposium on Computer architecture},
 series = {ISCA '92},
 year = {1992},
 isbn = {0-89791-509-7},
 location = {Queensland, Australia},
 pages = {392--402},
 numpages = {11},
 url = {http://doi.acm.org/10.1145/139669.140403},
 doi = {10.1145/139669.140403},
 acmid = {140403},
 publisher = {ACM},
 address = {New York, NY, USA},
} 
@inproceedings{Jordan:1983:PMH:800046.801657,
 author = {Jordan, Harry F.},
 title = {Performance measurements on {HEP} -- {A} pipelined {MIMD} computer},
 booktitle = {Proceedings of the 10th annual international symposium on Computer architecture},
 series = {ISCA '83},
 year = {1983},
 isbn = {0-89791-101-6},
 location = {Stockholm, Sweden},
 pages = {207--212},
 numpages = {6},
 url = {http://doi.acm.org/10.1145/800046.801657},
 doi = {10.1145/800046.801657},
 acmid = {801657},
 publisher = {ACM},
 address = {New York, NY, USA},
} 
@article{Ungerer:2003:SPE:641865.641867,
 author = {Ungerer, Theo and Robi\v{c}, Borut and \v{S}ilc, Jurij},
 title = {A survey of processors with explicit multithreading},
 journal = {ACM Comput. Surv.},
 issue_date = {March 2003},
 volume = {35},
 number = {1},
 month = mar,
 year = {2003},
 issn = {0360-0300},
 pages = {29--63},
 numpages = {35},
 url = {http://doi.acm.org/10.1145/641865.641867},
 doi = {10.1145/641865.641867},
 acmid = {641867},
 publisher = {ACM},
 address = {New York, NY, USA},
 keywords = {Blocked multithreading, interleaved multithreading, simultaneous multithreading},
} 
@inproceedings{Smith:1985:AH:4832.4834,
 author = {Smith, Burton},
 title = {The Architecture of {HEP}},
 booktitle = {on Parallel MIMD computation: HEP supercomputer and its applications},
 year = {1985},
 isbn = {0-262-11101-2},
 pages = {41--55},
 numpages = {15},
 url = {http://dl.acm.org/citation.cfm?id=4832.4834},
 acmid = {4834},
 publisher = {Massachusetts Institute of Technology},
 address = {Cambridge, MA, USA},
} 
@inproceedings{Laudon:1994:IMT:195473.195576,
 author = {Laudon, James and Gupta, Anoop and Horowitz, Mark},
 title = {Interleaving: a multithreading technique targeting multiprocessors and workstations},
 booktitle = {Proceedings of the sixth international conference on Architectural support for programming languages and operating systems},
 series = {ASPLOS VI},
 year = {1994},
 isbn = {0-89791-660-3},
 location = {San Jose, California, USA},
 pages = {308--318},
 numpages = {11},
 url = {http://doi.acm.org/10.1145/195473.195576},
 doi = {10.1145/195473.195576},
 acmid = {195576},
 publisher = {ACM},
 address = {New York, NY, USA},
} 
@article{Agarwal:1992:PTM:628903.629109,
 author = {Agarwal, A.},
 title = {Performance Tradeoffs in Multithreaded Processors},
 journal = {IEEE Trans. Parallel Distrib. Syst.},
 issue_date = {September 1992},
 volume = {3},
 number = {5},
 month = sep,
 year = {1992},
 issn = {1045-9219},
 pages = {525--539},
 numpages = {15},
 url = {http://dx.doi.org/10.1109/71.159037},
 doi = {10.1109/71.159037},
 acmid = {629109},
 publisher = {IEEE Press},
 address = {Piscataway, NJ, USA},
 keywords = {Index Termsmultithreaded processors, buffer storage, cache interference, caches, context-switchingoverhead, data-sharing, multiprocessingsystems, multiprocessor interconnection networks, network bandwidth, network contention, parallel algorithms, parallelprogramming, performance evaluation, storage management, switching theory},
} 
@inproceedings{Dubey:1995:APM:646602.696752,
 author = {Dubey, Pradeep K. and Krishna, Arvind and Squillante, Mark S.},
 title = {Analytic Performance Modeling for a Spectrum of Multithreaded Processor Architectures},
 booktitle = {Proceedings of the 3rd International Workshop on Modeling, Analysis, and Simulation of Computer and Telecommunication Systems},
 series = {MASCOTS '95},
 year = {1995},
 isbn = {0-8186-6902-0},
 pages = {110--122},
 numpages = {13},
 url = {http://dl.acm.org/citation.cfm?id=646602.696752},
 acmid = {696752},
 publisher = {IEEE Computer Society},
 address = {Washington, DC, USA},
 keywords = {analytic performance modeling, delays, instruction dependencies, memory latencies, multiple instruction streams, multithreaded processor architectures, performance evaluation, pipeline processing, pipelined processors},
} 
@inproceedings{Thistle:1988:PAH:62972.62977,
 author = {Thistle, M. R. and Smith, B. J.},
 title = {A processor architecture for horizon},
 booktitle = {Proceedings of the 1988 ACM/IEEE conference on Supercomputing},
 series = {Supercomputing '88},
 year = {1988},
 isbn = {0-8186-0882-X},
 location = {Orlando, Florida, USA},
 pages = {35--41},
 numpages = {7},
 url = {http://dl.acm.org/citation.cfm?id=62972.62977},
 acmid = {62977},
 publisher = {IEEE Computer Society Press},
 address = {Los Alamitos, CA, USA},
} 
@inproceedings{Saavedra-Barrera:1990:AMA:97444.97683,
 author = {Saavedra-Barrera, R. and Culler, D. and von Eicken, T.},
 title = {Analysis of multithreaded architectures for parallel computing},
 booktitle = {Proceedings of the second annual ACM symposium on Parallel algorithms and architectures},
 series = {SPAA '90},
 year = {1990},
 isbn = {0-89791-370-1},
 location = {Island of Crete, Greece},
 pages = {169--178},
 numpages = {10},
 url = {http://doi.acm.org/10.1145/97444.97683},
 doi = {10.1145/97444.97683},
 acmid = {97683},
 publisher = {ACM},
 address = {New York, NY, USA},
} 
@inproceedings{Chen:1992:RML:143365.143486,
 author = {Chen, Tien-Fu and Baer, Jean-Loup},
 title = {Reducing memory latency via non-blocking and prefetching caches},
 booktitle = {Proceedings of the fifth international conference on Architectural support for programming languages and operating systems},
 series = {ASPLOS V},
 year = {1992},
 isbn = {0-89791-534-8},
 location = {Boston, Massachusetts, USA},
 pages = {51--61},
 numpages = {11},
 url = {http://doi.acm.org/10.1145/143365.143486},
 doi = {10.1145/143365.143486},
 acmid = {143486},
 publisher = {ACM},
 address = {New York, NY, USA},
} 
@inproceedings{Papadopoulos:1991:MRV:115952.115986,
 author = {Papadopoulos, Gregory M. and Traub, Kenneth R.},
 title = {Multithreading: a revisionist view of dataflow architectures},
 booktitle = {Proceedings of the 18th annual international symposium on Computer architecture},
 series = {ISCA '91},
 year = {1991},
 isbn = {0-89791-394-9},
 location = {Toronto, Ontario, Canada},
 pages = {342--351},
 numpages = {10},
 url = {http://doi.acm.org/10.1145/115952.115986},
 doi = {10.1145/115952.115986},
 acmid = {115986},
 publisher = {ACM},
 address = {New York, NY, USA},
} 
@inproceedings{Fillo:1995:MM:225160.225187,
 author = {Fillo, Marco and Keckler, Stephen W. and Dally, William J. and Carter, Nicholas P. and Chang, Andrew and Gurevich, Yevgeny and Lee, Whay S.},
 title = {The M-Machine multicomputer},
 booktitle = {Proceedings of the 28th annual international symposium on Microarchitecture},
 series = {MICRO 28},
 year = {1995},
 isbn = {0-8186-7349-4},
 location = {Ann Arbor, Michigan, USA},
 pages = {146--156},
 numpages = {11},
 url = {http://dl.acm.org/citation.cfm?id=225160.225187},
 acmid = {225187},
 publisher = {IEEE Computer Society Press},
 address = {Los Alamitos, CA, USA},
} 
@inproceedings{Weber:1989:EBM:74925.74956,
 author = {Weber, W.-D. and Gupta, A.},
 title = {Exploring the benefits of multiple hardware contexts in a multiprocessor architecture: preliminary results},
 booktitle = {Proceedings of the 16th annual international symposium on Computer architecture},
 series = {ISCA '89},
 year = {1989},
 isbn = {0-89791-319-1},
 location = {Jerusalem, Israel},
 pages = {273--280},
 numpages = {8},
 url = {http://doi.acm.org/10.1145/74925.74956},
 doi = {10.1145/74925.74956},
 acmid = {74956},
 publisher = {ACM},
 address = {New York, NY, USA},
} 
@inproceedings{Agarwal:1995:MAM:223982.223985,
 author = {Agarwal, Anant and Bianchini, Ricardo and Chaiken, David and Johnson, Kirk L. and Kranz, David and Kubiatowicz, John and Lim, Beng-Hong and Mackenzie, Kenneth and Yeung, Donald},
 title = {The MIT Alewife machine: architecture and performance},
 booktitle = {Proceedings of the 22nd annual international symposium on Computer architecture},
 series = {ISCA '95},
 year = {1995},
 isbn = {0-89791-698-0},
 location = {S. Margherita Ligure, Italy},
 pages = {2--13},
 numpages = {12},
 url = {http://doi.acm.org/10.1145/223982.223985},
 doi = {10.1145/223982.223985},
 acmid = {223985},
 publisher = {ACM},
 address = {New York, NY, USA},
} 
@inproceedings{Luk:2001:TML:379240.379250,
 author = {Luk, Chi-Keung},
 title = {Tolerating memory latency through software-controlled pre-execution in simultaneous multithreading processors},
 booktitle = {Proceedings of the 28th annual international symposium on Computer architecture},
 series = {ISCA '01},
 year = {2001},
 isbn = {0-7695-1162-7},
 location = {G\&\#246;teborg, Sweden},
 pages = {40--51},
 numpages = {12},
 url = {http://doi.acm.org/10.1145/379240.379250},
 doi = {10.1145/379240.379250},
 acmid = {379250},
 publisher = {ACM},
 address = {New York, NY, USA},
} 
@inproceedings{Hill:1992:CSM:143365.143537,
 author = {Hill, Mark D. and Larus, James R. and Reinhardt, Steven K. and Wood, David A.},
 title = {Cooperative shared memory: software and hardware for scalable multiprocessor},
 booktitle = {Proceedings of the fifth international conference on Architectural support for programming languages and operating systems},
 series = {ASPLOS V},
 year = {1992},
 isbn = {0-89791-534-8},
 location = {Boston, Massachusetts, USA},
 pages = {262--273},
 numpages = {12},
 url = {http://doi.acm.org/10.1145/143365.143537},
 doi = {10.1145/143365.143537},
 acmid = {143537},
 publisher = {ACM},
 address = {New York, NY, USA},
} 
@inproceedings{Goodman:1989:ESP:70082.68188,
 author = {Goodman, James R. and Vernon, Mary K. and Woest, Philip J.},
 title = {Efficient synchronization primitives for large-scale cache-coherent multiprocessors},
 booktitle = {Proceedings of the third international conference on Architectural support for programming languages and operating systems},
 series = {ASPLOS III},
 year = {1989},
 isbn = {0-89791-300-0},
 location = {Boston, Massachusetts, USA},
 pages = {64--75},
 numpages = {12},
 url = {http://doi.acm.org/10.1145/70082.68188},
 doi = {10.1145/70082.68188},
 acmid = {68188},
 publisher = {ACM},
 address = {New York, NY, USA},
} 
@inproceedings{Wood:1993:MCS:165123.165151,
 author = {Wood, David A. and Chandra, Satish and Falsafi, Babak and Hill, Mark D. and Larus, James R. and Lebeck, Alvin R. and Lewis, James C. and Mukherjee, Shubhendu S. and Palacharla, Subbarao and Reinhardt, Steven K.},
 title = {Mechanisms for cooperative shared memory},
 booktitle = {Proceedings of the 20th annual international symposium on computer architecture},
 series = {ISCA '93},
 year = {1993},
 isbn = {0-8186-3810-9},
 location = {San Diego, California, USA},
 pages = {156--167},
 numpages = {12},
 url = {http://doi.acm.org/10.1145/165123.165151},
 doi = {10.1145/165123.165151},
 acmid = {165151},
 publisher = {ACM},
 address = {New York, NY, USA},
 keywords = {cache coherence, directory protocols, hardware mechanisms, memory systems, shared-memory multiprocessors},
} 
@inproceedings{Agarwal:1990:APA:325164.325119,
 author = {Agarwal, Anant and Lim, Beng-Hong and Kranz, David and Kubiatowicz, John},
 title = {APRIL: a processor architecture for multiprocessing},
 booktitle = {Proceedings of the 17th annual international symposium on Computer Architecture},
 series = {ISCA '90},
 year = {1990},
 isbn = {0-89791-366-3},
 location = {Seattle, Washington, USA},
 pages = {104--114},
 numpages = {11},
 url = {http://doi.acm.org/10.1145/325164.325119},
 doi = {10.1145/325164.325119},
 acmid = {325119},
 publisher = {ACM},
 address = {New York, NY, USA},
} 
@inproceedings{Kodama:1995:EPC:223982.223987,
 author = {Kodama, Yuetsu and Sakane, Hirohumi and Sato, Mitsuhisa and Yamana, Hayato and Sakai, Shuichi and Yamaguchi, Yoshinori},
 title = {The EM-X parallel computer: architecture and basic performance},
 booktitle = {Proceedings of the 22nd annual international symposium on Computer architecture},
 series = {ISCA '95},
 year = {1995},
 isbn = {0-89791-698-0},
 location = {S. Margherita Ligure, Italy},
 pages = {14--23},
 numpages = {10},
 url = {http://doi.acm.org/10.1145/223982.223987},
 doi = {10.1145/223982.223987},
 acmid = {223987},
 publisher = {ACM},
 address = {New York, NY, USA},
} 

@inproceedings{Krishnamurthy:1993:PPS:169627.169724,
author = {Culler, David E. and Dusseau, Andrea and Goldstein, Seth
     Copen and Krishnamurthy, Arvind and Lumetta, Steven and
     von~Eicken, Thorsten and Yelick, Katherine},
  title = {Parallel Programming in {Split-C}},
 booktitle = {Proceedings of the 1993 ACM/IEEE conference on Supercomputing},
 series = {Supercomputing '93},
 year = {1993},
 isbn = {0-8186-4340-4},
 location = {Portland, Oregon, USA},
 pages = {262--273},
 numpages = {12},
 url = {http://doi.acm.org/10.1145/169627.169724},
 doi = {10.1145/169627.169724},
 acmid = {169724},
 publisher = {ACM},
 address = {New York, NY, USA},
} 

@article{Numrich:1998:CFP:289918.289920,
 author = {Numrich, Robert W. and Reid, John},
 title = {Co-Array {Fortran} for Parallel Programming},
 journal = {SIGPLAN Fortran Forum},
 issue_date = {Aug. 1998},
 volume = {17},
 number = {2},
 month = aug,
 year = {1998},
 issn = {1061-7264},
 pages = {1--31},
 numpages = {31},
 url = {http://doi.acm.org/10.1145/289918.289920},
 doi = {10.1145/289918.289920},
 acmid = {289920},
 publisher = {ACM},
 address = {New York, NY, USA},
} 

@article{CullerGSvE93,
  author = {Culler, David E. and Goldstein, Seth Copen and Schauser,
     Klaus Erik and von~Eicken, Thorsten},
  title = {{TAM} -- {A} Compiler Controlled Threaded Abstract Machine},
  journal = {Journal of Parallel and Distributed Computing},
  year = {1993},
  volume = {18},
  pages = {347-370},
  month = {July},
  abstract = {The Threaded Abstract Machine (TAM) refines dataflow
     execution models to address the critical constraints that modern
     parallel architectures place on the compilation of
     general-purpose parallel programming languages. TAM defines a
     self-scheduled machine language of parallel threads, which
     provides a path from dataflow-graph program representations to
     conventional control flow. The most important feature of TAM is
     the way it exposes the interaction between the handling of
     asynchronous message events, the scheduling of computation, and
     the utilization of the storage hierarchy. This paper provides a
     complete description of TAM and codifies the model in terms of a
     pseudo machine language TL0. Issues in compilation from a high
     level parallel language to TL0 are discussed in general and
     specifically in regard to the Id90 language. The implementation
     of TL0 on the CM-5 multiprocessor is explained in detail. Using
     this implementation, a cost model is developed for the various
     TAM primitives. The TAM approach is evaluated on sizable Id90
     programs on a 64 processor system. The scheduling hierarchy of
     quanta and threads is shown to provide substantial locality while
     tolerating long latencies. This allows the average thread
     scheduling cost to be extremely low.},
  url = {http://www.cs.cmu.edu/~seth/papers/CullerGSvE93.pdf},
  keywords = {Active Messages, Parallel Computing,Threaded Abstract
     Machine (TAM)}
}

@misc{graphlab-next,
  author = "Low, Yucheng",
  date = "2013-05-31",
  howpublished = "Personal communication"
}

@inproceedings{hep,
author = {Smith, Burton J.},
title = {Architecture And Applications of the {HEP} Multiprocessor Computer System},
booktitle="Proceedings of SPIE 0298, Real-Time Signal Processing IV, 241",
volume = {298},
pages = {241-248},
year = {1982},
month=jul,
doi = {10.1117/12.932535},
URL = { + http://dx.doi.org/10.1117/12.932535},
eprint = {}
}

@unpublished{GMT,
        author = {Morai, Alessanro and Villa, Oreste and Tumeo, Antonino and Chavarria-Miranda, Daniel and Valero, Mateo},
        title = {GMT: A global memory and threading library for irregular applications},
        note = {preprint}
}

@article{Dean:2008:MSD:1327452.1327492,
 author = {Dean, Jeffrey and Ghemawat, Sanjay},
 title = {{MapReduce: Simplified} Data Processing on Large Clusters},
 journal = {Communications of the ACM},
 issue_date = {January 2008},
 volume = {51},
 number = {1},
 month = jan,
 year = {2008},
 issn = {0001-0782},
 pages = {107--113},
 numpages = {7},
 url = {http://doi.acm.org/10.1145/1327452.1327492},
 doi = {10.1145/1327452.1327492},
 acmid = {1327492},
 publisher = {ACM},
 address = {New York, NY, USA},
} 


@misc{hadoop,
    title={Hadoop website \url{http://hadoop.apache.org}},
    author={Hadoop},
    }
}


@article{Bu:2010:HEI:1920841.1920881,
 author = {Bu, Yingyi and Howe, Bill and Balazinska, Magdalena and Ernst, Michael D.},
 title = {HaLoop: {Efficient} Iterative Data Processing on Large Clusters},
 journal = {Proc. VLDB Endow.},
 issue_date = {September 2010},
 volume = {3},
 number = {1-2},
 month = sep,
 year = {2010},
 issn = {2150-8097},
 pages = {285--296},
 numpages = {12},
 url = {http://dl.acm.org/citation.cfm?id=1920841.1920881},
 acmid = {1920881},
 publisher = {VLDB Endowment},
} 

@inproceedings{Zaharia:2010:SCC:1863103.1863113,
 author = {Zaharia, Matei and Chowdhury, Mosharaf and Franklin, Michael J. and Shenker, Scott and Stoica, Ion},
 title = {Spark: {Cluster} Computing with Working Sets},
 booktitle = {Proceedings of the 2nd USENIX Conference on Hot Topics in Cloud Computing},
 series = {HotCloud'10},
 year = {2010},
 location = {Boston, MA},
 pages = {10--10},
 numpages = {1},
 url = {http://dl.acm.org/citation.cfm?id=1863103.1863113},
 acmid = {1863113},
 publisher = {USENIX Association},
 address = {Berkeley, CA, USA},
} 

@inproceedings{Blumofe:1996:DDS:645606.661333,
 author = {Blumofe, Robert D. and Frigo, Matteo and Joerg, Christopher F. and Leiserson, Charles E. and Randall, Keith H.},
 title = {Dag-Consistent Distributed Shared Memory},
 booktitle = {Proceedings of the 10th International Parallel Processing Symposium},
 series = {IPPS '96},
 year = {1996},
 isbn = {0-8186-7255-2},
 pages = {132--141},
 numpages = {10},
 url = {http://dl.acm.org/citation.cfm?id=645606.661333},
 acmid = {661333},
 publisher = {IEEE Computer Society},
 address = {Washington, DC, USA},
 keywords = {dag consistency, distributed shared memory, multithreading, cactus stack, dynamic scheduling, page faults, memory model},
} 


@article{Ousterhout:2011:CR:1965724.1965751,
 author = {Ousterhout, John and Agrawal, Parag and Erickson, David and Kozyrakis, Christos and Leverich, Jacob and Mazi\`{e}res, David and Mitra, Subhasish and Narayanan, Aravind and Ongaro, Diego and Parulkar, Guru and Rosenblum, Mendel and Rumble, Stephen M. and Stratmann, Eric and Stutsman, Ryan},
 title = {The case for RAMCloud},
 journal = {Commun. ACM},
 issue_date = {July 2011},
 volume = {54},
 number = {7},
 month = jul,
 year = {2011},
 issn = {0001-0782},
 pages = {121--130},
 numpages = {10},
 url = {http://doi.acm.org/10.1145/1965724.1965751},
 doi = {10.1145/1965724.1965751},
 acmid = {1965751},
 publisher = {ACM},
 address = {New York, NY, USA},
} 

@inproceedings{Kyrola:2012:GLG:2387880.2387884,
 author = {Kyrola, Aapo and Blelloch, Guy and Guestrin, Carlos},
 title = {GraphChi: large-scale graph computation on just a PC},
 booktitle = {Proceedings of the 10th USENIX conference on Operating Systems Design and Implementation},
 series = {OSDI'12},
 year = {2012},
 isbn = {978-1-931971-96-6},
 location = {Hollywood, CA, USA},
 pages = {31--46},
 numpages = {16},
 url = {http://dl.acm.org/citation.cfm?id=2387880.2387884},
 acmid = {2387884},
 publisher = {USENIX Association},
 address = {Berkeley, CA, USA},
} 

@inproceedings{Pearce:2010:MAG:1884643.1884675,
 author = {Pearce, Roger and Gokhale, Maya and Amato, Nancy M.},
 title = {Multithreaded Asynchronous Graph Traversal for In-Memory and Semi-External Memory},
 booktitle = {Proceedings of the 2010 ACM/IEEE International Conference for High Performance Computing, Networking, Storage and Analysis},
 series = {SC '10},
 year = {2010},
 isbn = {978-1-4244-7559-9},
 pages = {1--11},
 numpages = {11},
 url = {http://dx.doi.org/10.1109/SC.2010.34},
 doi = {10.1109/SC.2010.34},
 acmid = {1884675},
 publisher = {IEEE Computer Society},
 address = {Washington, DC, USA},
} 


@inproceedings{Nelson:nvmw,
    author = {Nelson, Jacob and Holt, Brandon and Myers, Brandon and Briggs, Preston and Ceze, Luis and Kahan, Simon and Oskin, Mark},
    title = {Pomace: a Grappa for Non-Volatile Memory},
    series = {NVMW2013},
    year = {2013},
    location = {Berkeley, CA},
} 


@inproceedings{Kahan:2006:MMA:1122971.1122999,
 author = {Kahan, Simon and Konecny, Petr},
 title = {"MAMA!": a memory allocator for multithreaded architectures},
 booktitle = {Proceedings of the eleventh ACM SIGPLAN symposium on Principles and practice of parallel programming},
 series = {PPoPP '06},
 year = {2006},
 isbn = {1-59593-189-9},
 location = {New York, New York, USA},
 pages = {178--186},
 numpages = {9},
 url = {http://doi.acm.org/10.1145/1122971.1122999},
 doi = {10.1145/1122971.1122999},
 acmid = {1122999},
 publisher = {ACM},
 address = {New York, NY, USA},
 keywords = {Eldorado, MTA, combining, malloc, multithreading, parallel memory allocation},
} 


@inproceedings{Hendler:2010:FCS:1810479.1810540,
 author = {Hendler, Danny and Incze, Itai and Shavit, Nir and Tzafrir, Moran},
 title = {Flat combining and the synchronization-parallelism tradeoff},
 booktitle = {Proceedings of the 22nd ACM symposium on Parallelism in algorithms and architectures},
 series = {SPAA '10},
 year = {2010},
 isbn = {978-1-4503-0079-7},
 location = {Thira, Santorini, Greece},
 pages = {355--364},
 numpages = {10},
 url = {http://doi.acm.org/10.1145/1810479.1810540},
 doi = {10.1145/1810479.1810540},
 acmid = {1810540},
 publisher = {ACM},
 address = {New York, NY, USA},
 keywords = {concurrent data-structures, multiprocessors, synchronization},
} 

@inproceedings{Anderson:1991:SAE:121132.121151,
 author = {Anderson, Thomas E. and Bershad, Brian N. and Lazowska, Edward D. and Levy, Henry M.},
 title = {Scheduler activations: effective kernel support for the user-level management of parallelism},
 booktitle = {Proceedings of the thirteenth ACM symposium on Operating systems principles},
 series = {SOSP '91},
 year = {1991},
 isbn = {0-89791-447-3},
 location = {Pacific Grove, California, USA},
 pages = {95--109},
 numpages = {15},
 url = {http://doi.acm.org/10.1145/121132.121151},
 doi = {10.1145/121132.121151},
 acmid = {121151},
 publisher = {ACM},
 address = {New York, NY, USA},
} 

@inproceedings{Culler:1993:LTR:155332.155333,
 author = {Culler, David and Karp, Richard and Patterson, David and Sahay, Abhijit and Schauser, Klaus Erik and Santos, Eunice and Subramonian, Ramesh and von Eicken, Thorsten},
 title = {LogP: towards a realistic model of parallel computation},
 booktitle = {Proceedings of the fourth ACM SIGPLAN symposium on Principles and practice of parallel programming},
 series = {PPOPP '93},
 year = {1993},
 isbn = {0-89791-589-5},
 location = {San Diego, California, USA},
 pages = {1--12},
 numpages = {12},
 url = {http://doi.acm.org/10.1145/155332.155333},
 doi = {10.1145/155332.155333},
 acmid = {155333},
 publisher = {ACM},
 address = {New York, NY, USA},
 keywords = {PRAM, complexity analysis, massively parallel processors, parallel algorithms, parallel models},
} 