%% nothing here yet

% UTS: original paper
@inproceedings{UTS,
    author = {Olivier, Stephen and Huan, Jun and Liu, Jinze and Prins, Jan and Dinan, James and Sadayappan, P. and Tseng, Chau-Wen},
    title = {{UTS}: An Unbalanced Tree Search Benchmark},
    booktitle = {Proceedings of the 19th International Conference on Languages and Compilers for Parallel Computing},
    series = {LCPC'06},
    year = {2007},
    isbn = {978-3-540-72520-6},
    location = {New Orleans, LA, USA},
    pages = {235--250},
    numpages = {16},
    url = {http://dl.acm.org/citation.cfm?id=1757112.1757137},
    acmid = {1757137},
    publisher = {Springer-Verlag},
    address = {Berlin, Heidelberg},
}

% TODO: make sure this is the a valid thing to cite for algorithmic BFS improvements
@inproceedings{Yoo:FixedPointGraph500,
  title={A Scalable Distributed Parallel Breadth-First Search Algorithm on {BlueGene/L}},
  author={Yoo, A. and Chow, E. and Henderson, K. and McLendon, W. and Hendrickson, B. and Catalyurek, U.},
  booktitle={Supercomputing, 2005. Proceedings of the ACM/IEEE SC 2005 Conference},
  pages={25--25},
  year={2005},
  organization={IEEE}
}

@misc{Nelson:hotpar11,
    title="Obscured for blind review"
    }

@inproceedings{Nelson:hotpar11-real,
    author = {Nelson, Jacob and Myers, Brandon and Hunter, A. H. and Briggs, Preston and Ceze, Luis and Ebeling, Carl and Grossman, Dan and Kahan, Simon and Oskin, Mark},
    title = {Crunching Large Graphs with Commodity Processors},
    booktitle = {Proceedings of the 3rd USENIX Conference on Hot Topics in Parallelism},
    series = {HotPar'11},
    year = {2011},
    location = {Berkeley, CA},
    pages = {10--10},
    numpages = {1},
    url = {http://dl.acm.org/citation.cfm?id=2001252.2001262},
    acmid = {2001262},
    publisher = {USENIX Association},
    address = {Berkeley, CA, USA},
} 

%%% Other programming models
% pregel
@inproceedings{pregel:2010,
    author = {Malewicz, Grzegorz and Austern, Matthew H. and Bik, Aart J.C and Dehnert, James C. and Horn, Ilan and Leiser, Naty and Czajkowski, Grzegorz},
    title = {Pregel: A System for Large-Scale Graph Processing},
    booktitle = {Proceedings of the 2010 ACM SIGMOD International Conference on Management of Data},
    series = {SIGMOD '10},
    year = {2010},
    isbn = {978-1-4503-0032-2},
    location = {Indianapolis, Indiana, USA},
    pages = {135--146},
    numpages = {12},
    url = {http://doi.acm.org/10.1145/1807167.1807184},
    doi = {10.1145/1807167.1807184},
    acmid = {1807184},
    publisher = {ACM},
    address = {New York, NY, USA},
    keywords = {distributed computing, graph algorigthms},
} 

% Graphlab2, distributed graphlab
@article{distgraphlab:vldb12,
    author = {Yucheng Low and Joseph Gonzalez and Aapo Kyrola and Danny Bickson and Carlos Guestrin and Joseph M. Hellerstein},
    title = {Distributed {GraphLab}: A Framework for Machine Learning and Data Mining in the Cloud},
    journal = {PVLDB},
    year = {2012},
    wwwfilebase = {vldb2012-low-gonzalez-kyrola-bickson-guestrin-hellerstein},
    wwwtopic = {Parallel Learning} 
}

% Graphlab PowerGraph
@inproceedings{powergraph:osdi12,
    author = {Gonzalez, Joseph E. and Low, Yucheng and Gu, Haijie and Bickson, Danny and Guestrin, Carlos},
    title = {PowerGraph: distributed graph-parallel computation on natural graphs},
    booktitle = {Proceedings of the 10th USENIX conference on Operating Systems Design and Implementation},
    series = {OSDI'12},
    year = {2012},
    isbn = {978-1-931971-96-6},
    location = {Hollywood, CA, USA},
    pages = {17--30},
    numpages = {14},
    url = {http://dl.acm.org/citation.cfm?id=2387880.2387883},
    acmid = {2387883},
    publisher = {USENIX Association},
    address = {Berkeley, CA, USA},
} 

%%% Communication
%communication opts for UPC
@inproceedings{Chen:2005,
    author = {Chen, Wei-Yu and Iancu, Costin and Yelick, Katherine},
    title = {Communication Optimizations for Fine-Grained {UPC} Applications},
    booktitle = {Proceedings of the 14th International Conference on Parallel Architectures and Compilation Techniques},
    series = {PACT '05},
    year = {2005},
    isbn = {0-7695-2429-X},
    pages = {267--278},
    numpages = {12},
    url = {http://dx.doi.org/10.1109/PACT.2005.13},
    doi = {10.1109/PACT.2005.13},
    acmid = {1092221},
    publisher = {IEEE Computer Society},
    address = {Washington, DC, USA},
} 

% Fortran D compiler opts for communication
@article{FortranD:1992,
    author = {Hiranandani, Seema and Kennedy, Ken and Tseng, Chau-Wen},
    title = {Compiling {Fortran D} for {MIMD} Distributed-Memory Machines},
    journal = {Communications of the ACM},
    volume = {35},
    number = {8},
    month = aug,
    year = {1992},
    issn = {0001-0782},
    pages = {66--80},
    numpages = {15},
    url = {http://doi.acm.org/10.1145/135226.135230},
    doi = {10.1145/135226.135230},
    acmid = {135230},
    publisher = {ACM},
    address = {New York, NY, USA},
    keywords = {Fortran D, concurrent languages, distributed languages, distributed programming, parallel languages, parallel programming},
} 


%%% Synchronization

% isolation through delegation
@INPROCEEDINGS{delegated:oopsla11,
    AUTHOR = "Roberto Lublinerman and Jisheng Zhao and Zoran Budimlic and Swarat Chaudhuri and Vivek Sarkar",
    TITLE = "Delegated Isolation",
    BOOKTITLE = "OOPSLA'11",
    PAGES = {885-902},
    YEAR = {2011}, 
}

% Betweenness centrality
@misc{ssca2,
  title={{HPCS} Scalable Synthetic Compact Applications $\#$2: Graph Analysis},
  author={Bader, D.A. and Feo, J. and Gilbert, J. and Kepner, J. and Koester, D. and Loh, E.},
  group={DARPA High Productivity Computing Systems},
  year={2006}
}

@inproceedings{GraphCT,
  title={Massive Social Network Analysis: Mining {Twitter} for Social Good},
  author={Ediger, D. and Jiang, K. and Riedy, J. and Bader, D.A. and Corley, C. and Farber, R. and Reynolds, W.N.},
  booktitle={39th International Conference on Parallel Processing (ICPP)},
  pages={583--593},
  year={2010},
  organization={IEEE}
}

@article{bader:bc,
  title={Parallel Algorithms for Evaluating Centrality Indices in Real-World Networks},
  author={Bader, D.A. and Madduri, K.},
  journal={The 35th International Conference on Parallel Processing (ICPP)},
  pages={539--550},
  year={2006},
  organization={IEEE}
}

@inproceedings{munin,
  title={Munin: Distributed Shared Memory Based on Type-Specific Memory Coherence},
  author={John K. Bennett and John B. Carter and Willy Zwaenepoel},
   booktitle = {Proceedings of the Second ACM SIGPLAN symposium on Principles and Practice of Parallel Programming},
    series = {PPOPP '90},
  pages={168--176},
  year={1990}
}


% mta-1
@inproceedings{tera:mta1,
 author = {Alverson, Robert and Callahan, David and Cummings, Daniel and Koblenz, Brian and Porterfield, Allan and Smith, Burton},
 title = {The {Tera} Computer System},
 booktitle = {Proceedings of the 4th International Conference on Supercomputing},
 series = {ICS '90},
 year = {1990},
 isbn = {0-89791-369-8},
 location = {Amsterdam, The Netherlands},
 pages = {1--6},
 numpages = {6},
 url = {http://doi.acm.org/10.1145/77726.255132},
 doi = {http://doi.acm.org/10.1145/77726.255132},
 acmid = {255132},
 publisher = {ACM},
 address = {New York, NY, USA},
} 

% gasnet spec
@misc{gasnet:spec,
    author = {Bonachea, Dan},
    title = {{GASNet Specification v1.8}},
    year = {2006},
}

% Chapel
@article{Chamberlain:2007,
    author = {Chamberlain, B.L. and Callahan, D. and Zima, H.P.},
    title = {Parallel Programmability and the {Chapel Language}},
    journal = {International Journal of High Performance Computing Application},
    issue_date = {August 2007},
    volume = {21},
    number = {3},
    month = aug,
    year = {2007},
    issn = {1094-3420},
    pages = {291--312},
    numpages = {22},
    url = {http://dx.doi.org/10.1177/1094342007078442},
    doi = {10.1177/1094342007078442},
    acmid = {1286123},
    publisher = {Sage Publications, Inc.},
    address = {Thousand Oaks, CA, USA},
    keywords = {Chapel, parallel languages, parallel programming, productivity, programming models},
} 

% X10
@inproceedings{X10:2005,
 author = {Charles, Philippe and Grothoff, Christian and Saraswat, Vijay and Donawa, Christopher and Kielstra, Allan and Ebcioglu, Kemal and von Praun, Christoph and Sarkar, Vivek},
 title = {X10: An Object-Oriented Approach to Non-Uniform Cluster Computing},
 booktitle = {Proceedings of the 20th Annual ACM SIGPLAN Conference on Object-Oriented Programming, Systems, Languages, and Applications},
 series = {OOPSLA '05},
 year = {2005},
 isbn = {1-59593-031-0},
 location = {San Diego, CA, USA},
 pages = {519--538},
 numpages = {20},
 url = {http://doi.acm.org/10.1145/1094811.1094852},
 doi = {http://doi.acm.org/10.1145/1094811.1094852},
 acmid = {1094852},
 publisher = {ACM},
 address = {New York, NY, USA},
 keywords = {Java, X10, atomic blocks, clocks, data distribution, multithreading, non-uniform cluster computing (NUCC), partitioned global address space (PGAS), places, productivity, scalability},
} 

% UPC language
@book{upc:2005,
   Address = {Hoboken, NJ, USA},
   Author = {Tarek El-Ghazawi and William Carlson and Thomas Sterling and Katherine Yelick},
   Publisher = {John Wiley and Sons, Inc.},
   Title = {{UPC}: Distributed Shared Memory Programming},
   Year = {2005}}

@book{intel_tbb,
  title={Intel Threading Building Blocks: Outfitting {C++} for Multi-Core Processor Parallelism},
  author={James Reinders},
  publisher={O'Reilly Media},
  year=2007
}

@article{cgmlib,
   author = {Dehne, Frank and Ferreira, Alfonso and C\'{a}ceres, Edson and Song, Siang W. and Roncato, Alessandro},
   affiliation = {School of Computer Science, Carleton University, Ottawa, Ontario, Canada K1S 5B6. frank@dehne.net, www.dehne.net. CA},
   title = {Efficient Parallel Graph Algorithms for Coarse-Grained Multicomputers and {BSP}},
   journal = {Algorithmica},
   publisher = {Springer New York},
   issn = {0178-4617},
   keyword = {Computer Science},
   pages = {183-200},
   volume = {33},
   issue = {2},
   url = {http://dx.doi.org/10.1007/s00453-001-0109-4},
   note = {10.1007/s00453-001-0109-4},
   year = {2002}
}

@INPROCEEDINGS{qthreads,
    author={Wheeler, Kyle B. and Murphy, Richard C. and Thain, Douglas}, 
    booktitle={IEEE International Symposium on Parallel and Distributed Processing},
    title={Qthreads: An {API} for Programming with Millions of Lightweight Threads}, 
    year={2008}, 
    month=April, 
    volume={}, 
    number={}, 
    keywords={API;HPCCG benchmark;Qthreads;Unix implementation;application program interfaces;large scale hardware supported multithreading;lightweight threads;qthread API;qthread abstraction;resource management;Unix;application program interfaces;multi-threading;resource allocation;}, 
    doi={10.1109/IPDPS.2008.4536359}, 
    ISSN={1530-2075},
}

@INPROCEEDINGS{parallelbgl,
    author = {Douglas Gregor and Andrew Lumsdaine},
    title = {The Parallel {BGL}: A Generic Library for Distributed Graph Computations},
    booktitle = {In Parallel Object-Oriented Scientific Computing (POOSC)},
    year = {2005}
}

@inproceedings{feo:xmt,
 author = {Feo, John and Harper, David and Kahan, Simon and Konecny, Petr},
 title = {Eldorado},
 booktitle = {Proceedings of the 2nd Conference on Computing Frontiers},
 series = {CF '05},
 year = {2005},
 isbn = {1-59593-019-1},
 location = {Ischia, Italy},
 pages = {28--34},
 numpages = {7},
 url = {http://doi.acm.org/10.1145/1062261.1062268},
 doi = {http://doi.acm.org/10.1145/1062261.1062268},
 acmid = {1062268},
 publisher = {ACM},
 address = {New York, NY, USA},
 keywords = {heterogeneous architectures, multithreaded architectures, multithreaded processing, performance studies},
} 

%SMT
@inproceedings{tullsen:smt,
 author = {Tullsen, Dean M. and Eggers, Susan J. and Levy, Henry M.},
 title = {Simultaneous Multithreading: Maximizing On-Chip Parallelism},
 booktitle = {Proceedings of the 22nd Annual International Symposium on Computer Architecture},
 series = {ISCA '95},
 year = {1995},
 isbn = {0-89791-698-0},
 location = {S. Margherita Ligure, Italy},
 pages = {392--403},
 numpages = {12},
 url = {http://doi.acm.org/10.1145/223982.224449},
 doi = {http://doi.acm.org/10.1145/223982.224449},
 acmid = {224449},
 publisher = {ACM},
 address = {New York, NY, USA},
} 

@INPROCEEDINGS{agarwal:alewife,
author={Agarwal, Anant and Bianchini, Ricardo and Chaiken, David and Johnson, Kirk L. and Kranz, David and Kubiatowicz, John and Beng-Hong Lim and Mackenzie, Ken and Yeung, Donald}, 
booktitle={22nd Annual International Symposium on Computer Architecture},
title={The {MIT} {Alewife} machine: Architecture and Performance}, 
year={1995}, 
month={June},
volume={}, 
number={}, 
keywords={ MIT Alewife machine; block multithreading; communication; compiler designers; constant cost; cost-effective mesh network; fine-grain computation; global linear address space; integrated message passing; latency tolerance mechanisms; microbenchmarks; multiprocessor architecture; operating system designers; parallel system; performance; prefetching; processing nodes; programmable system; prototype implementation; scalable mesh network; software-extended coherent shared memory; synchronization; cache storage; message passing; operating systems (computers); parallel architectures; parallel machines; parallel programming; performance evaluation; program compilers; reconfigurable architectures; shared memory systems; synchronisation;}, 
doi={10.1109/ISCA.1995.127212}, 
ISSN={1063-6897 },
}

@article{almasi:cyclops,
 author = {Alm\'{a}si, George and Ca\c{s}caval, C\v{a}lin and Casta\~{n}os, Jos\'{e} G. and Denneau, Monty and Lieber, Derek and Moreira, Jos\'{e} E. and Warren, Jr., Henry S.},
 title = {Dissecting {Cyclops}: A Detailed Analysis of a Multithreaded Architecture},
 journal = {SIGARCH Computer Architecture News},
 volume = {31},
 issue = {1},
 month = {March},
 year = {2003},
 issn = {0163-5964},
 pages = {26--38},
 numpages = {13},
 url = {http://doi.acm.org/10.1145/773365.773369},
 doi = {http://doi.acm.org/10.1145/773365.773369},
 acmid = {773369},
 publisher = {ACM},
 address = {New York, NY, USA},
} 

@article{gpus,
 author = {Fatahalian, Kayvon and Houston, Mike},
 title = {A Closer Look at {GPUs}},
 journal = {Communications of the ACM},
 issue_date = {October 2008},
 volume = {51},
 issue = {10},
 month = {October},
 year = {2008},
 issn = {0001-0782},
 pages = {50--57},
 numpages = {8},
 url = {http://doi.acm.org/10.1145/1400181.1400197},
 doi = {http://doi.acm.org/10.1145/1400181.1400197},
 acmid = {1400197},
 publisher = {ACM},
 address = {New York, NY, USA},
} 

% website: amd64 ABI
@MISC{amd64:abi:2012,
    key = {AMD64},
    title = {{AMD64 ABI}},
    year = {2012},
    month = {July},
    howpublished={\url{http://www.x86-64.org/documentation/abi-0.99.pdf}}
}

@article{qthreads:mtgl,
    author = {Brian W. Barrett and Jonathan W. Berry and Richard C. Murphy and Kyle B. Wheeler},
    title = {Implementing a Portable Multi-Threaded Graph Library: The {MTGL} on {Qthreads}},
    journal ={Parallel and Distributed Processing Symposium},
    volume = {0},
    isbn = {978-1-4244-3751-1},
    year = {2009},
    pages = {1-8},
    doi = {http://doi.ieeecomputersociety.org/10.1109/IPDPS.2009.5161102},
    publisher = {IEEE Computer Society},
    address = {Los Alamitos, CA, USA},
}

@MISC{OFED,
    key = {OFED},
    title = {{OpenFabrics Alliance}},
    year = {2012},
    month = {July},
    howpublished={\url{https://www.openfabrics.org/index.php}}
    }

@ARTICLE{fetchandadd,
author={Gottlieb, A. and Grishman, R. and Kruskal, C.P. and McAuliffe, K.P. and Rudolph, L. and Snir, M.}, 
journal={IEEE Transactions on Computers},
title={The {NYU Ultracomputer}: Designing an {MIMD} Shared Memory Parallel Computer}, 
year={1983}, 
month={feb. }, 
volume={C-32}, 
number={2}, 
pages={175 -189}, 
keywords={Computer architecture;MIMD;Omega-network;VLSI;fetch-and-add;multiprocessor;parallel computer;parallel processing;shared memory;systolic queues;}, 
doi={10.1109/TC.1983.1676201}, 
ISSN={0018-9340},}

@ARTICLE{Treadmarks,
author={Amza, C. and Cox, A.L. and Dwarkadas, S. and Keleher, P. and Honghui Lu and Rajamony, R. and Weimin Yu and Zwaenepoel, W.}, 
journal={Computer},
title={{TreadMarks}: Shared Memory Computing on Networks of Workstations}, 
year={1996}, 
month={feb}, 
volume={29}, 
number={2}, 
pages={18 -28}, 
keywords={TreadMarks;data structures;distributed shared memory system;globally shared virtual memory;parallel processing;programming;sequential processing;shared memory computing;synchronization;workstation networks;data structures;distributed memory systems;local area networks;shared memory systems;virtual storage;}, 
doi={10.1109/2.485843}, 
ISSN={0018-9162},}

@inproceedings{cilkforimplementation,
 author = {Blumofe, Robert D. and Joerg, Christopher F. and Kuszmaul, Bradley C. and Leiserson, Charles E. and Randall, Keith H. and Zhou, Yuli},
  title = {Cilk: An Efficient Multithreaded Runtime System},
   booktitle = {Proceedings of the Fifth ACM SIGPLAN Symposium on Principles and Practice of Parallel Programming},
    series = {PPOPP '95},
     year = {1995},
      isbn = {0-89791-700-6},
       location = {Santa Barbara, California, United States},
        pages = {207--216},
         numpages = {10},
          url = {http://doi.acm.org/10.1145/209936.209958},
           doi = {10.1145/209936.209958},
            acmid = {209958},
             publisher = {ACM},
              address = {New York, NY, USA},
              } 


@inproceedings{scalableWorkStealingOrCilk98,
 author = {Agrawal, Kunal and He, Yuxiong and Leiserson, Charles E.},
  title = {Adaptive Work Stealing with Parallelism Feedback},
   booktitle = {Proceedings of the 12th ACM SIGPLAN Symposium on Principles and Practice of Parallel Programming},
    series = {PPoPP '07},
     year = {2007},
      isbn = {978-1-59593-602-8},
       location = {San Jose, California, USA},
        pages = {112--120},
         numpages = {9},
          url = {http://doi.acm.org/10.1145/1229428.1229448},
           doi = {10.1145/1229428.1229448},
            acmid = {1229448},
             publisher = {ACM},
              address = {New York, NY, USA},
               keywords = {adaptive scheduling, adversary, distributed scheduling, job scheduling, multiprogramming, multithreaded languages, parallel computation, parallelism feedback, processor allocation, space sharing, thread scheduling, trim analysis, two-level scheduling, work stealing},
               } 
               [download]

@inproceedings{lifelines,
 author = {Saraswat, Vijay A. and Kambadur, Prabhanjan and Kodali, Sreedhar and Grove, David and Krishnamoorthy, Sriram},
  title = {Lifeline-Based Global Load Balancing},
   booktitle = {Proceedings of the 16th ACM symposium on Principles and Practice of Parallel Programming},
    series = {PPoPP '11},
     year = {2011},
      isbn = {978-1-4503-0119-0},
       location = {San Antonio, TX, USA},
        pages = {201--212},
         numpages = {12},
          url = {http://doi.acm.org/10.1145/1941553.1941582},
           doi = {10.1145/1941553.1941582},
            acmid = {1941582},
             publisher = {ACM},
              address = {New York, NY, USA},
               keywords = {distributed work-stealing, global load balancing, uts, x10},
               } 

@inproceedings{MAMA,
 author = {Kahan, Simon and Konecny, Petr},
  title = {{MAMA!}: A Memory Allocator for Multithreaded Architectures},
   booktitle = {Proceedings of the Eleventh ACM SIGPLAN Symposium on Principles and Practice of Parallel Programming},
    series = {PPoPP '06},
     year = {2006},
      isbn = {1-59593-189-9},
       location = {New York, New York, USA},
        pages = {178--186},
         numpages = {9},
          url = {http://doi.acm.org/10.1145/1122971.1122999},
           doi = {10.1145/1122971.1122999},
            acmid = {1122999},
             publisher = {ACM},
              address = {New York, NY, USA},
               keywords = {Eldorado, MTA, combining, malloc, multithreading, parallel memory allocation},
               } 

@inproceedings{flatcombining,
 author = {Dice, Dave and Marathe, Virendra J. and Shavit, Nir},
  title = {Flat-Combining {NUMA} Locks},
   booktitle = {Proceedings of the 23rd ACM symposium on Parallelism in algorithms and architectures},
    series = {SPAA '11},
     year = {2011},
      isbn = {978-1-4503-0743-7},
       location = {San Jose, California, USA},
        pages = {65--74},
         numpages = {10},
          url = {http://doi.acm.org/10.1145/1989493.1989502},
           doi = {10.1145/1989493.1989502},
            acmid = {1989502},
             publisher = {ACM},
              address = {New York, NY, USA},
               keywords = {flat combining, hierarchical locks, queue locks},
               } 


@inproceedings{vonEicken92,
 author = {von Eicken, Thorsten and Culler, David E. and Goldstein, Seth Copen and Schauser, Klaus Erik},
  title = {Active Messages: A Mechanism for Integrated Communication and Computation},
   booktitle = {Proceedings of the 19th Annual International Symposium on Computer Architecture},
    series = {ISCA '92},
     year = {1992},
      isbn = {0-89791-509-7},
       location = {Queensland, Australia},
        pages = {256--266},
         numpages = {11},
          url = {http://doi.acm.org/10.1145/139669.140382},
           doi = {10.1145/139669.140382},
            acmid = {140382},
             publisher = {ACM},
              address = {New York, NY, USA},
              } 


@misc{gasnet,
 author = {Bonachea, Dan},
  title = {{GASNet Specification}, v1.1},
   year = {2002},
    source = {http://www.ncstrl.org:8900/ncstrl/servlet/search?formname=detail\&id=oai%3Ancstrlh%3Aucb%3AUCB%2F%2FCSD-02-1207},
     publisher = {University of California at Berkeley},
      address = {Berkeley, CA, USA},
      } 

@inproceedings{Beamer:Graph500,
author = {Scott Beamer and Krste Asanović and David Patterson},
title = {Direction-Optimizing Breadth-First Search},
booktitle={Conference on Supercomputing (SC-2012)},
location={Salt Lake City, Utah},
month={November},
year={2012}
}

@MISC{graph500list,
    key={Graph500},
    title = {Graph 500},
    year = {2012},
    month = {July},
    howpublished={\url{http://www.graph500.org/}}
}

@MISC{nas3.3,
    key={NPB3.3},
    title = {NAS Parallel Benchmark Suite 3.3},
    year = {2012},
    howpublished={\url{http://www.nas.nasa.gov/publications/npb.html}}
}


@ARTICLE{Freeman1979centrality,
    author = {Linton C. Freeman},
        title = {Centrality in Social Networks Conceptual Clarification},
            journal = {Social Networks},
                year = {1978},
                    pages = {215}
                    }


@misc{infinibandbandwidth,
    title={Interconnect Analysis: {10GigE and InfiniBand} in High Performance Computing},
    author={HPC Advisory Council},
    year={2012},
    month={July},
    howpublished={\url{http://www.hpcadvisorycouncil.com/pdf/IB_and_10GigE_in_HPC.pdf}}
    }


@MISC{osu:mpi,
    key={OSU MPI},
    title = {OSU MPI benchmarks},
    year = {2012},
    month = {July},
    howpublished={\url{http://mvapich.cse.ohio-state.edu/benchmarks/}}
    }

@MISC{N2480,
	    author =	   "H.-J. Boehm",
	    title =	   "{A Less Formal Explanation of the Proposed C++ Concurrency
	   		     Memory Model}",
	    year =         {2007},
	    month =        "December",
	    howpublished = {C++ standards committee paper WG21/N2480 = J16/07-350,
	   \url{http://www.open-std.org/JTC1/SC22/WG21/docs/papers/2007/n2480.html}},
	}

@MISC{N2800,
    author =	   "{ISO/IEC JTC1/SC22/WG21}",
    title =	   "{{ISO/IEC} 14882, Programming Language - {C++} (Committee Draft)}",
    howpublished = {\url{http://www.open-std.org/jtc1/sc22/wg21/docs/papers/2008/n2800.pdf}},
    year =         {2008},
}

@MISC{TeraRecord,
    title = "{Tera MTA Computer Sets New World Speed Record}",
    howpublished  = {Mainframe Computing},
    year = {1999},
}

@inproceedings{AdveHill1990,
    author =       "S. V. Adve and M. D. Hill",
    title =        "{Weak Ordering---{A} New Definition}",
    booktitle =    "{{ISCA-17}}",
    year =         "1990",
}	
	
@INPROCEEDINGS{Wheeler08qthreads:an,
    author = {Kyle B. Wheeler and Richard C. Murphy and Douglas Thain},
    title = {Qthreads: An api for programming with millions of lightweight threads},
    booktitle = {In IPDPS},
    year = {2008},
    pages = {1--8},
    publisher = {IEEE}
}
@INPROCEEDINGS{Behren03capriccio:scalable,
    author = {Rob Von Behren and Jeremy Condit and Feng Zhou and George C. Necula and Eric Brewer},
    title = {Capriccio: Scalable Threads for Internet Services},
    booktitle = {In Proceedings of the 19th ACM Symposium on Operating Systems Principles},
    year = {2003},
    pages = {268--281},
    publisher = {ACM Press}
}



@inproceedings{mapreduce:osdi04,
    author = {Jeffrey Dean and Sanjay Ghemawat},
    title = {{MapReduce: Simplified Data Processing on Large Clusters}},
    booktitle = {Proceedings of the 6th USENIX conference on Operating Systems Design and Implementation},
    series = {OSDI'04},
    year = {2004},
    publisher = {USENIX Association},
    address = {Berkeley, CA, USA},
} 

@TECHREPORT{Bailey91thenas,
    author = {D. H. Bailey and E. Barszcz and J. T. Barton and D. S. Browning and R. L. Carter and R. A. Fatoohi and P. O. Frederickson and T. A. Lasinski and H. D. Simon and V. Venkatakrishnan and S. K. Weeratunga},
    title = {The nas parallel benchmarks},
    institution = {The International Journal of Supercomputer Applications},
    year = {1991}
}
