%% nothing here yet

% UTS: original paper
@inproceedings{Olivier:uts2006,
    author = {Olivier, Stephen and Huan, Jun and Liu, Jinze and Prins, Jan and Dinan, James and Sadayappan, P. and Tseng, Chau-Wen},
    title = {UTS: an unbalanced tree search benchmark},
    booktitle = {Proceedings of the 19th international conference on Languages and compilers for parallel computing},
    series = {LCPC'06},
    year = {2007},
    isbn = {978-3-540-72520-6},
    location = {New Orleans, LA, USA},
    pages = {235--250},
    numpages = {16},
    url = {http://dl.acm.org/citation.cfm?id=1757112.1757137},
    acmid = {1757137},
    publisher = {Springer-Verlag},
    address = {Berlin, Heidelberg},
} 
